% ======================================================================= %
% ================== 1 INTRODUCTION (REFERNCES) ========================= % 
% ======================================================================= %
@article{lopez2019beyond_econ,
  title = {Beyond Econometrics: A Roadmap Towards Financial Machine Learning},
  ISSN = {1556-5068},
  url = {http://dx.doi.org/10.2139/ssrn.3365282},
  DOI = {10.2139/ssrn.3365282},
  journal = {SSRN Electronic Journal},
  publisher = {Elsevier BV},
  author = {López de Prado,  Marcos},
  year = {2019}
}

 @book{murphy_probai_2022,
  author    = {Kevin P. Murphy},
  title     = {Probabilistic Machine Learning: An introduction},
  publisher = {MIT Press},
  year      = 2022,
}

@techreport{basel2011,
  title        = {Basel III: A global regulatory framework for more resilient banks and banking systems},
  author       = {{Basel Committee on Banking Supervision}},
  institution  = {Bank for International Settlements},
  year         = {2011},
  month        = {June},
  note         = {Revised version},
  url          = {https://www.bis.org/bcbs/publ/d403.htm}
}

@techreport{basel2019,
  title        = {Minimum capital requirements for market risk},
  author       = {{Basel Committee on Banking Supervision}},
  institution  = {Bank for International Settlements},
  year         = {2019},
  month        = {February},
  note         = {Revised version of the January 2019 publication},
  url          = {https://www.bis.org/bcbs/publ/d457.htm}
}
@article{Cont2001,
  title = {Empirical properties of asset returns: stylized facts and statistical issues},
  volume = {1},
  ISSN = {1469-7696},
  url = {http://dx.doi.org/10.1080/713665670},
  DOI = {10.1080/713665670},
  number = {2},
  journal = {Quantitative Finance},
  publisher = {Informa UK Limited},
  author = {Cont,  R.},
  year = {2001},
  month = feb,
  pages = {223–236}
}

@article{Peir1994,
  title = {The distribution of stock returns: international evidence},
  volume = {4},
  ISSN = {1466-4305},
  url = {http://dx.doi.org/10.1080/758518675},
  DOI = {10.1080/758518675},
  number = {6},
  journal = {Applied Financial Economics},
  publisher = {Informa UK Limited},
  author = {Peiró,  Amado},
  year = {1994},
  month = dec,
  pages = {431–439}
}

@article{Sezer2020,
  title = {Financial time series forecasting with deep learning : A systematic literature review: 2005–2019},
  volume = {90},
  ISSN = {1568-4946},
  url = {http://dx.doi.org/10.1016/j.asoc.2020.106181},
  DOI = {10.1016/j.asoc.2020.106181},
  journal = {Applied Soft Computing},
  publisher = {Elsevier BV},
  author = {Sezer,  Omer Berat and Gudelek,  Mehmet Ugur and Ozbayoglu,  Ahmet Murat},
  year = {2020},
  month = may,
  pages = {106181}
}

@misc{eggen2025probabilistic, 
  title        = {Probabilistic AI for Improved Uncertainty Estimates in Financial Time Series: A Review},
  author       = {Sivert A. Eggen and Kristoffer N. B. Grude and Tord J. Espe}, 
  year         = {2024}, 
  month        = {December}, 
  note         = {TIØ4550 - Specialization Project, Department of Industrial Economics and Technology Management, NTNU},
 
  institution  = {Norwegian University of Science and Technology (NTNU)},
}

@article{Gneiting2011,
  title = {Making and Evaluating Point Forecasts},
  volume = {106},
  ISSN = {1537-274X},
  url = {http://dx.doi.org/10.1198/jasa.2011.r10138},
  DOI = {10.1198/jasa.2011.r10138},
  number = {494},
  journal = {Journal of the American Statistical Association},
  publisher = {Informa UK Limited},
  author = {Gneiting,  Tilmann},
  year = {2011},
  month = jun,
  pages = {746–762}
}
@article{Engelberg2009,
  title = {Comparing the Point Predictions and Subjective Probability Distributions of Professional Forecasters},
  volume = {27},
  ISSN = {1537-2707},
  url = {http://dx.doi.org/10.1198/jbes.2009.0003},
  DOI = {10.1198/jbes.2009.0003},
  number = {1},
  journal = {Journal of Business &amp; Economic Statistics},
  publisher = {Informa UK Limited},
  author = {Engelberg,  Joseph and Manski,  Charles F. and Williams,  Jared},
  year = {2009},
  month = jan,
  pages = {30–41}
}

@book{hyndman2018forecasting,
  title={Forecasting: principles and practice},
  author={Hyndman, Rob J and Athanasopoulos, George},
  year={2018},
  publisher={OTexts}
}
% ======================================================================= %
% =================== 2 LITERATURE REVIEW (REFERENCES) ================== % 
% ======================================================================= %


% Traditional approaches
@article{Taylor2017,
  title = {Forecasting Value at Risk and Expected Shortfall Using a Semiparametric Approach Based on the Asymmetric Laplace Distribution},
  volume = {37},
  ISSN = {1537-2707},
  url = {http://dx.doi.org/10.1080/07350015.2017.1281815},
  DOI = {10.1080/07350015.2017.1281815},
  number = {1},
  journal = {Journal of Business &amp; Economic Statistics},
  publisher = {Informa UK Limited},
  author = {Taylor,  James W.},
  year = {2017},
  month = may,
  pages = {121–133}
}

@article{Patton2019,
  title = {Dynamic semiparametric models for expected shortfall (and Value-at-Risk)},
  volume = {211},
  ISSN = {0304-4076},
  url = {http://dx.doi.org/10.1016/j.jeconom.2018.10.008},
  DOI = {10.1016/j.jeconom.2018.10.008},
  number = {2},
  journal = {Journal of Econometrics},
  publisher = {Elsevier BV},
  author = {Patton,  Andrew J. and Ziegel,  Johanna F. and Chen,  Rui},
  year = {2019},
  month = aug,
  pages = {388–413}
}

@misc{chao2018,
  doi = {10.48550/ARXIV.1807.02422},
  url = {https://arxiv.org/abs/1807.02422},
  author = {Wang,  Chao and Gerlach,  Richard and Chen,  Qian},
  keywords = {Risk Management (q-fin.RM),  Statistical Finance (q-fin.ST),  FOS: Economics and business,  FOS: Economics and business},
  title = {A Semi-parametric Realized Joint Value-at-Risk and Expected Shortfall Regression Framework},
  publisher = {arXiv},
  year = {2018},
  copyright = {Creative Commons Attribution 4.0 International}
}

@article{fissler2016,
  doi = {10.48550/ARXIV.1507.00244},
  url = {https://arxiv.org/abs/1507.00244},
  author = {Fissler,  Tobias and Ziegel,  Johanna F. and Gneiting,  Tilmann},
  keywords = {Risk Management (q-fin.RM),  Statistical Finance (q-fin.ST),  FOS: Economics and business,  FOS: Economics and business},
  title = {Expected Shortfall is jointly elicitable with Value at Risk - Implications for backtesting},
  publisher = {arXiv},
  year = {2015},
  copyright = {arXiv.org perpetual,  non-exclusive license}
}

@article{Braione2016,
  title = {Forecasting Value-at-Risk under Different Distributional Assumptions},
  volume = {4},
  ISSN = {2225-1146},
  url = {http://dx.doi.org/10.3390/econometrics4010003},
  DOI = {10.3390/econometrics4010003},
  number = {1},
  journal = {Econometrics},
  publisher = {MDPI AG},
  author = {Braione,  Manuela and Scholtes,  Nicolas},
  year = {2016},
  month = jan,
  pages = {3}
}

@article{GLOSTEN1993,
  title = {On the Relation between the Expected Value and the Volatility of the Nominal Excess Return on Stocks},
  volume = {48},
  ISSN = {1540-6261},
  url = {http://dx.doi.org/10.1111/j.1540-6261.1993.tb05128.x},
  DOI = {10.1111/j.1540-6261.1993.tb05128.x},
  number = {5},
  journal = {The Journal of Finance},
  publisher = {Wiley},
  author = {Glosten, Lawrence R. and Jagannathan, Ravi and Runkle, David E.},
  year = {1993},
  month = dec,
  pages = {1779–1801}
}

@article{Giot2004,
  title = {Modelling daily Value-at-Risk using realized volatility and ARCH type models},
  volume = {11},
  ISSN = {0927-5398},
  url = {http://dx.doi.org/10.1016/j.jempfin.2003.04.003},
  DOI = {10.1016/j.jempfin.2003.04.003},
  number = {3},
  journal = {Journal of Empirical Finance},
  publisher = {Elsevier BV},
  author = {Giot,  Pierre and Laurent,  Sébastien},
  year = {2004},
  month = jun,
  pages = {379–398}
}
@article{Slim2017,
  title = {Value-at-Risk under Lévy GARCH models: Evidence from global stock markets},
  volume = {46},
  ISSN = {1042-4431},
  url = {http://dx.doi.org/10.1016/j.intfin.2016.08.008},
  DOI = {10.1016/j.intfin.2016.08.008},
  journal = {Journal of International Financial Markets,  Institutions and Money},
  publisher = {Elsevier BV},
  author = {Slim,  Skander and Koubaa,  Yosra and BenSaïda,  Ahmed},
  year = {2017},
  month = jan,
  pages = {30–53}
}

@article{Chuang2007,
  title = {Forecasting volatility in the financial markets: a comparison of alternative distributional assumptions},
  volume = {17},
  ISSN = {1466-4305},
  url = {http://dx.doi.org/10.1080/09603100600771000},
  DOI = {10.1080/09603100600771000},
  number = {13},
  journal = {Applied Financial Economics},
  publisher = {Informa UK Limited},
  author = {Chuang,  I.-Yuan and Lu,  Jin-Ray and Lee,  Pei-Hsuan},
  year = {2007},
  month = sep,
  pages = {1051–1060}
}

@article{Angelidis2004,
  title = {The use of GARCH models in VaR estimation},
  volume = {1},
  ISSN = {1572-3127},
  url = {http://dx.doi.org/10.1016/j.stamet.2004.08.004},
  DOI = {10.1016/j.stamet.2004.08.004},
  number = {1–2},
  journal = {Statistical Methodology},
  publisher = {Elsevier BV},
  author = {Angelidis,  Timotheos and Benos,  Alexandros and Degiannakis,  Stavros},
  year = {2004},
  month = dec,
  pages = {105–128}
}

% Prob AI
@article{Blasco2024,
  title = {A survey on uncertainty quantification in deep learning for financial time series prediction},
  volume = {576},
  ISSN = {0925-2312},
  url = {http://dx.doi.org/10.1016/j.neucom.2024.127339},
  DOI = {10.1016/j.neucom.2024.127339},
  journal = {Neurocomputing},
  publisher = {Elsevier BV},
  author = {Blasco,  Txus and Sánchez,  J. Salvador and García,  Vicente},
  year = {2024},
  month = apr,
  pages = {127339}
}

@article{Ghahramani2015,
  title = {Probabilistic machine learning and artificial intelligence},
  volume = {521},
  ISSN = {1476-4687},
  url = {http://dx.doi.org/10.1038/nature14541},
  DOI = {10.1038/nature14541},
  number = {7553},
  journal = {Nature},
  publisher = {Springer Science and Business Media LLC},
  author = {Ghahramani,  Zoubin},
  year = {2015},
  month = may,
  pages = {452–459}
}

@inproceedings{gal2016dropout,
  title={Dropout as a bayesian approximation: Representing model uncertainty in deep learning},
  author={Gal, Yarin and Ghahramani, Zoubin},
  booktitle={international conference on machine learning},
  pages={1050--1059},
  year={2016},
  organization={PMLR}
}

@article{Hullermeier2021,
  title = {Aleatoric and epistemic uncertainty in machine learning: an introduction to concepts and methods},
  volume = {110},
  ISSN = {1573-0565},
  url = {http://dx.doi.org/10.1007/s10994-021-05946-3},
  DOI = {10.1007/s10994-021-05946-3},
  number = {3},
  journal = {Machine Learning},
  publisher = {Springer Science and Business Media LLC},
  author = {H\"{u}llermeier,  Eyke and Waegeman,  Willem},
  year = {2021},
  month = mar,
  pages = {457–506}
}

@article{liu2019accurate,
  title={Accurate uncertainty estimation and decomposition in ensemble learning},
  author={Liu, Jeremiah and Paisley, John and Kioumourtzoglou, Marianthi-Anna and Coull, Brent},
  journal={Advances in neural information processing systems},
  volume={32},
  year={2019}
}

 @book{pml1Book,
  author    = {Kevin P. Murphy},
  title     = {Probabilistic Machine Learning: An introduction},
  publisher = {MIT Press},
  year      = 2022,
}

@misc{wang2025aleatoric,
  doi = {10.48550/ARXIV.2501.03282},
  url = {https://arxiv.org/abs/2501.03282},
  author = {Wang,  Tianyang and Wang,  Yunze and Zhou,  Jun and Peng,  Benji and Song,  Xinyuan and Zhang,  Charles and Sun,  Xintian and Niu,  Qian and Liu,  Junyu and Chen,  Silin and Chen,  Keyu and Li,  Ming and Feng,  Pohsun and Bi,  Ziqian and Liu,  Ming and Zhang,  Yichao and Fei,  Cheng and Yin,  Caitlyn Heqi and Yan,  Lawrence KQ},
  keywords = {Artificial Intelligence (cs.AI),  Machine Learning (cs.LG),  FOS: Computer and information sciences,  FOS: Computer and information sciences},
  title = {From Aleatoric to Epistemic: Exploring Uncertainty Quantification Techniques in Artificial Intelligence},
  publisher = {arXiv},
  year = {2025},
  copyright = {arXiv.org perpetual,  non-exclusive license}
}
@article{lakshminarayanan2017simple,
  title={Simple and scalable predictive uncertainty estimation using deep ensembles},
  author={Lakshminarayanan, Balaji and Pritzel, Alexander and Blundell, Charles},
  journal={Advances in neural information processing systems},
  volume={30},
  year={2017}
}
@inproceedings{blundell2015weight,
  title={Weight uncertainty in neural network},
  author={Blundell, Charles and Cornebise, Julien and Kavukcuoglu, Koray and Wierstra, Daan},
  booktitle={International conference on machine learning},
  pages={1613--1622},
  year={2015},
  organization={PMLR}
}
@article{kendall2017uncertainties,
  title={What uncertainties do we need in bayesian deep learning for computer vision?},
  author={Kendall, Alex and Gal, Yarin},
  journal={Advances in neural information processing systems},
  volume={30},
  year={2017}
}

@article{Horta2024,
  title = {Forecasting VIX using Bayesian deep learning},
  ISSN = {2364-4168},
  url = {http://dx.doi.org/10.1007/s41060-024-00562-5},
  DOI = {10.1007/s41060-024-00562-5},
  journal = {International Journal of Data Science and Analytics},
  publisher = {Springer Science and Business Media LLC},
  author = {Hortúa,  Héctor J. and Mora-Valencia,  Andrés},
  year = {2024},
  month = jun 
}

@article{Nikolaev2013,
  title = {Time-dependent series variance learning with recurrent mixture density networks},
  volume = {122},
  ISSN = {0925-2312},
  url = {http://dx.doi.org/10.1016/j.neucom.2013.05.014},
  DOI = {10.1016/j.neucom.2013.05.014},
  journal = {Neurocomputing},
  publisher = {Elsevier BV},
  author = {Nikolaev,  Nikolay and Tino,  Peter and Smirnov,  Evgueni},
  year = {2013},
  month = dec,
  pages = {501–512}
}

@article{Schittenkopf2000,
  title = {Forecasting time-dependent conditional densities: a semi non-parametric neural network approach},
  volume = {19},
  ISSN = {1099-131X},
  url = {http://dx.doi.org/10.1002/1099-131X(200007)19:4<355::AID-FOR778>3.0.CO;2-Z},
  DOI = {10.1002/1099-131x(200007)19:4<355::aid-for778>3.0.co;2-z},
  number = {4},
  journal = {Journal of Forecasting},
  publisher = {Wiley},
  author = {Schittenkopf,  Christian and Dorffner,  Georg and Dockner,  Engelbert J.},
  year = {2000},
  pages = {355–374}
}

@misc{arimond2020,
  doi = {10.48550/ARXIV.2005.01686},
  url = {https://arxiv.org/abs/2005.01686},
  author = {Arimond,  Alexander and Borth,  Damian and Hoepner,  Andreas and Klawunn,  Michael and Weisheit,  Stefan},
  keywords = {Risk Management (q-fin.RM),  Machine Learning (cs.LG),  Econometrics (econ.EM),  FOS: Economics and business,  FOS: Economics and business,  FOS: Computer and information sciences,  FOS: Computer and information sciences},
  title = {Neural Networks and Value at Risk},
  publisher = {arXiv},
  year = {2020},
  copyright = {arXiv.org perpetual,  non-exclusive license}
}
@misc{karlsson2021value,
  title={Value at Risk Estimation with Neural Networks: A Recurrent Mixture Density Approach},
  author={Lille, William Karlsson and Saphir, Daniel},
  year={2021}
}

@misc{herrig,
  doi = {10.48550/ARXIV.2501.01278},
  url = {https://arxiv.org/abs/2501.01278},
  author = {Herrig,  Nico},
  keywords = {Computational Finance (q-fin.CP),  FOS: Economics and business,  FOS: Economics and business},
  title = {Risk forecasting using Long Short-Term Memory Mixture Density Networks},
  publisher = {arXiv},
  year = {2025},
  copyright = {Creative Commons Attribution 4.0 International}
}


% Transformers
@article{vaswani2017attention,
  title={Attention is all you need},
  author={Vaswani, Ashish and Shazeer, Noam and Parmar, Niki and Uszkoreit, Jakob and Jones, Llion and Gomez, Aidan N and Kaiser, {\L}ukasz and Polosukhin, Illia},
  journal={Advances in neural information processing systems},
  volume={30},
  year={2017}
}

@article{lezmi2023time,
  title={Time series forecasting with transformer models and application to asset management},
  author={Lezmi, Edmond and Xu, Jiali},
  journal={Available at SSRN 4375798},
  year={2023}
}

@article{Zeng2023,
  title = {Are Transformers Effective for Time Series Forecasting?},
  volume = {37},
  ISSN = {2159-5399},
  url = {http://dx.doi.org/10.1609/aaai.v37i9.26317},
  DOI = {10.1609/aaai.v37i9.26317},
  number = {9},
  journal = {Proceedings of the AAAI Conference on Artificial Intelligence},
  publisher = {Association for the Advancement of Artificial Intelligence (AAAI)},
  author = {Zeng,  Ailing and Chen,  Muxi and Zhang,  Lei and Xu,  Qiang},
  year = {2023},
  month = jun,
  pages = {11121–11128}
}

@article{souto2024can,
  title={Can transformers transform financial forecasting?},
  author={Souto, Hugo Gobato and Moradi, Amir},
  journal={China Finance Review International},
  year={2024},
  publisher={Emerald Publishing Limited}
}

@article{Tang2024,
  title = {Period-aggregated transformer for learning latent seasonalities in long-horizon financial time series},
  volume = {19},
  ISSN = {1932-6203},
  url = {http://dx.doi.org/10.1371/journal.pone.0308488},
  DOI = {10.1371/journal.pone.0308488},
  number = {8},
  journal = {PLOS ONE},
  publisher = {Public Library of Science (PLoS)},
  author = {Tang,  Zhenyang and Huang,  Jinshui and Rinprasertmeechai,  Denisa},
  editor = {Cobo-Martín,  Manuel Jesús},
  year = {2024},
  month = aug,
  pages = {e0308488}
}

@article{ramos2021multi,
  title={Multi-transformer: A new neural network-based architecture for forecasting S\&P volatility},
  author={Ramos-P{\'e}rez, Eduardo and Alonso-Gonz{\'a}lez, Pablo J and N{\'u}{\~n}ez-Vel{\'a}zquez, Jos{\'e} Javier},
  journal={Mathematics},
  volume={9},
  number={15},
  pages={1794},
  year={2021},
  publisher={MDPI}
}

@article{mishra2024volatility,
  title={Volatility forecasting and assessing risk of financial markets using multi-transformer neural network based architecture},
  author={Mishra, Aswini Kumar and Renganathan, Jayashree and Gupta, Aaryaman},
  journal={Engineering Applications of Artificial Intelligence},
  volume={133},
  pages={108223},
  year={2024},
  publisher={Elsevier}
}
@inproceedings{Sonata2024,
  title = {Comparison of LSTM and Transformer for Time Series Data Forecasting},
  url = {http://dx.doi.org/10.1109/ICICoS62600.2024.10636892},
  DOI = {10.1109/icicos62600.2024.10636892},
  booktitle = {2024 7th International Conference on Informatics and Computational Sciences (ICICoS)},
  publisher = {IEEE},
  author = {Sonata,  Ilvico and Heryadi,  Yaya},
  year = {2024},
  month = jul,
  pages = {491–495}
}

% =============== IV & RV ===============================%
@article{Poon2005,
  title = {Practical Issues in Forecasting Volatility},
  volume = {61},
  ISSN = {1938-3312},
  url = {http://dx.doi.org/10.2469/faj.v61.n1.2683},
  DOI = {10.2469/faj.v61.n1.2683},
  number = {1},
  journal = {Financial Analysts Journal},
  publisher = {Informa UK Limited},
  author = {Poon,  Ser-Huang and Granger,  Clive},
  year = {2005},
  month = jan,
  pages = {45–56}
}

@article{JORION1995,
  title = {Predicting Volatility in the Foreign Exchange Market},
  volume = {50},
  ISSN = {1540-6261},
  url = {http://dx.doi.org/10.1111/j.1540-6261.1995.tb04793.x},
  DOI = {10.1111/j.1540-6261.1995.tb04793.x},
  number = {2},
  journal = {The Journal of Finance},
  publisher = {Wiley},
  author = {Jorion,  Philippe},
  year = {1995},
  month = jun,
  pages = {507–528}
}

@article{Charoenwong2009,
  title = {Who knows more about future currency volatility?},
  volume = {29},
  ISSN = {1096-9934},
  url = {http://dx.doi.org/10.1002/fut.20351},
  DOI = {10.1002/fut.20351},
  number = {3},
  journal = {Journal of Futures Markets},
  publisher = {Wiley},
  author = {Charoenwong,  Charlie and Jenwittayaroje,  Nattawut and Low,  Buen Sin},
  year = {2009},
  month = jan,
  pages = {270–295}
}
@article{Busch2011,
  title = {The role of implied volatility in forecasting future realized volatility and jumps in foreign exchange,  stock,  and bond markets},
  volume = {160},
  ISSN = {0304-4076},
  url = {http://dx.doi.org/10.1016/j.jeconom.2010.03.014},
  DOI = {10.1016/j.jeconom.2010.03.014},
  number = {1},
  journal = {Journal of Econometrics},
  publisher = {Elsevier BV},
  author = {Busch,  Thomas and Christensen,  Bent Jesper and Nielsen,  Morten Ørregaard},
  year = {2011},
  month = jan,
  pages = {48–57}
}

@article{Plhal2021,
  title = {Modeling realized volatility of the EUR/USD exchange rate: Does implied volatility really matter?},
  volume = {71},
  ISSN = {1059-0560},
  url = {http://dx.doi.org/10.1016/j.iref.2020.10.001},
  DOI = {10.1016/j.iref.2020.10.001},
  journal = {International Review of Economics &amp; Finance},
  publisher = {Elsevier BV},
  author = {Plíhal,  Tomáš and Lyócsa,  Štefan},
  year = {2021},
  month = jan,
  pages = {811–829}
}

@article{Christensen1998,
  title = {The relation between implied and realized volatility},
  volume = {50},
  ISSN = {0304-405X},
  url = {http://dx.doi.org/10.1016/S0304-405X(98)00034-8},
  DOI = {10.1016/s0304-405x(98)00034-8},
  number = {2},
  journal = {Journal of Financial Economics},
  publisher = {Elsevier BV},
  author = {Christensen,  B.J. and Prabhala,  N.R.},
  year = {1998},
  month = nov,
  pages = {125–150}
}

@article{shu2001relation,
  title={The relation between implied and realized volatility of S\&P 500 index},
  author={Shu, Jinghong and Zhang, Jin E},
  journal={Wilmott magazine},
  pages={83--91},
  year={2001},
  publisher={Citeseer}
}
@article{Blair2001,
  title = {Forecasting S&amp;P 100 volatility: the incremental information content of implied volatilities and high-frequency index returns},
  volume = {105},
  ISSN = {0304-4076},
  url = {http://dx.doi.org/10.1016/S0304-4076(01)00068-9},
  DOI = {10.1016/s0304-4076(01)00068-9},
  number = {1},
  journal = {Journal of Econometrics},
  publisher = {Elsevier BV},
  author = {Blair,  Bevan J. and Poon,  Ser-Huang and Taylor,  Stephen J.},
  year = {2001},
  month = nov,
  pages = {5–26}
}

@article{Fleming1998,
  title = {The quality of market volatility forecasts implied by S&amp;P 100 index option prices},
  volume = {5},
  ISSN = {0927-5398},
  url = {http://dx.doi.org/10.1016/S0927-5398(98)00002-4},
  DOI = {10.1016/s0927-5398(98)00002-4},
  number = {4},
  journal = {Journal of Empirical Finance},
  publisher = {Elsevier BV},
  author = {Fleming,  Jeff},
  year = {1998},
  month = oct,
  pages = {317–345}
}

@article{Bollerslev2014,
  title = {Time-varying jump tails},
  volume = {183},
  ISSN = {0304-4076},
  url = {http://dx.doi.org/10.1016/j.jeconom.2014.05.007},
  DOI = {10.1016/j.jeconom.2014.05.007},
  number = {2},
  journal = {Journal of Econometrics},
  publisher = {Elsevier BV},
  author = {Bollerslev,  Tim and Todorov,  Viktor},
  year = {2014},
  month = dec,
  pages = {168–180}
}

@article{giot2005implied,
  title={Implied volatility indexes and daily value at risk models},
  author={Giot, Pierre},
  journal={Journal of Derivatives},
  volume={12},
  number={4},
  pages={54},
  year={2005},
  publisher={Pageant Media}
}
@article{angelidis2008forecasting,
  title={Forecasting one-day-ahead VaR and intra-day realized volatility in the Athens Stock Exchange Market},
  author={Angelidis, Timotheos and Degiannakis, Stavros},
  journal={Managerial Finance},
  volume={34},
  number={7},
  pages={489--497},
  year={2008},
  publisher={Emerald Group Publishing Limited}
}
@article{Lycsa2024,
  title = {Forecasting day-ahead expected shortfall on the EUR/USD exchange rate: The (I)relevance of implied volatility},
  volume = {40},
  ISSN = {0169-2070},
  url = {http://dx.doi.org/10.1016/j.ijforecast.2023.11.003},
  DOI = {10.1016/j.ijforecast.2023.11.003},
  number = {4},
  journal = {International Journal of Forecasting},
  publisher = {Elsevier BV},
  author = {Lyócsa,  Štefan and Plíhal,  Tomáš and Výrost,  Tomáš},
  year = {2024},
  month = oct,
  pages = {1275–1301}
}

@mastersthesis{moen2024forecasting,
  title={Forecasting day-ahead EURUSD Exchange Rate Risk: Leveraging the Volatility Surface and Machine Learning},
  author={Moen, Ida Aarflot and Pedersen, Marie Str{\o}m and Utne, Hans Magnus},
  year={2024},
  school={NTNU}
}

@article{corsi2009har,
  title={HAR volatility modelling with heterogeneous leverage and jumps},
  author={Corsi, Fulvio and Reno, Roberto},
  journal={Available at SSRN},
  volume={1316953},
  year={2009},
  publisher={Citeseer}
}

@article{Bollerslev2016,
  title = {Exploiting the errors: A simple approach for improved volatility forecasting},
  volume = {192},
  ISSN = {0304-4076},
  url = {http://dx.doi.org/10.1016/j.jeconom.2015.10.007},
  DOI = {10.1016/j.jeconom.2015.10.007},
  number = {1},
  journal = {Journal of Econometrics},
  publisher = {Elsevier BV},
  author = {Bollerslev,  Tim and Patton,  Andrew J. and Quaedvlieg,  Rogier},
  year = {2016},
  month = may,
  pages = {1–18}
}
@article{gong2019modeling,
  title={Modeling stock market volatility using new HAR-type models},
  author={Gong, Xu and Lin, Boqiang},
  journal={Physica A: Statistical Mechanics and its Applications},
  volume={516},
  pages={194--211},
  year={2019},
  publisher={Elsevier}
}

@article{Xiao2021,
  title = {The role of US implied volatility index in forecasting Chinese stock market volatility: Evidence from HAR models},
  volume = {74},
  ISSN = {1059-0560},
  url = {http://dx.doi.org/10.1016/j.iref.2021.03.010},
  DOI = {10.1016/j.iref.2021.03.010},
  journal = {International Review of Economics &amp; Finance},
  publisher = {Elsevier BV},
  author = {Xiao,  Jihong and Wen,  Fenghua and Zhao,  Yupei and Wang,  Xiong},
  year = {2021},
  month = jul,
  pages = {311–333}
}

@article{Chong2004,
  title = {Value at risk from econometric models and implied from currency options},
  volume = {23},
  ISSN = {1099-131X},
  url = {http://dx.doi.org/10.1002/for.934},
  DOI = {10.1002/for.934},
  number = {8},
  journal = {Journal of Forecasting},
  publisher = {Wiley},
  author = {Chong,  James},
  year = {2004},
  month = dec,
  pages = {603–620}
}

@article{Kim2015,
  title = {Are the KOSPI 200 implied volatilities useful in value-at-risk models?},
  volume = {22},
  ISSN = {1566-0141},
  url = {http://dx.doi.org/10.1016/j.ememar.2014.11.001},
  DOI = {10.1016/j.ememar.2014.11.001},
  journal = {Emerging Markets Review},
  publisher = {Elsevier BV},
  author = {Kim,  Jun Sik and Ryu,  Doojin},
  year = {2015},
  month = mar,
  pages = {43–64}
}

@article{Hansen2011,
  title = {Realized GARCH: a joint model for returns and realized measures of volatility},
  volume = {27},
  ISSN = {1099-1255},
  url = {http://dx.doi.org/10.1002/jae.1234},
  DOI = {10.1002/jae.1234},
  number = {6},
  journal = {Journal of Applied Econometrics},
  publisher = {Wiley},
  author = {Hansen,  Peter Reinhard and Huang,  Zhuo and Shek,  Howard Howan},
  year = {2011},
  month = mar,
  pages = {877–906}
}

@article{Contino2017,
  title = {Bayesian tail‐risk forecasting using realized GARCH},
  volume = {33},
  ISSN = {1526-4025},
  url = {http://dx.doi.org/10.1002/asmb.2237},
  DOI = {10.1002/asmb.2237},
  number = {2},
  journal = {Applied Stochastic Models in Business and Industry},
  publisher = {Wiley},
  author = {Contino,  Christian and Gerlach,  Richard H.},
  year = {2017},
  month = feb,
  pages = {213–236}
}

@article{Gerlach2016,
  title = {Forecasting risk via realized GARCH,  incorporating the realized range},
  volume = {16},
  ISSN = {1469-7696},
  url = {http://dx.doi.org/10.1080/14697688.2015.1079641},
  DOI = {10.1080/14697688.2015.1079641},
  number = {4},
  journal = {Quantitative Finance},
  publisher = {Informa UK Limited},
  author = {Gerlach,  Richard and Wang,  Chao},
  year = {2016},
  month = mar,
  pages = {501–511}
}
@article{WATANABE2011,
  title = {Quantile forecasts of financial returns using realized GARCH models},
  volume = {63},
  ISSN = {1352-4739},
  url = {http://dx.doi.org/10.1111/j.1468-5876.2011.00548.x},
  DOI = {10.1111/j.1468-5876.2011.00548.x},
  number = {1},
  journal = {Japanese Economic Review},
  publisher = {Springer Science and Business Media LLC},
  author = {Watanabe,  Toshiaki},
  year = {2011},
  month = dec,
  pages = {68–80}
}
@article{Jiang2018,
  title = {Modeling returns volatility: Realized GARCH incorporating realized risk measure},
  volume = {500},
  ISSN = {0378-4371},
  url = {http://dx.doi.org/10.1016/j.physa.2018.02.018},
  DOI = {10.1016/j.physa.2018.02.018},
  journal = {Physica A: Statistical Mechanics and its Applications},
  publisher = {Elsevier BV},
  author = {Jiang,  Wei and Ruan,  Qingsong and Li,  Jianfeng and Li,  Ye},
  year = {2018},
  month = jun,
  pages = {249–258}
}
% ======================================================================= %
% ================== 3 THEORETICAL FOUNDATION (REFERENCES) ============== % 
% ======================================================================= %





% ======================================================================= %
% ========================= 4 DATA (REFERENCES) ========================= % 
% ======================================================================= %

@article{Dickey1981,
  title = {Likelihood Ratio Statistics for Autoregressive Time Series with a Unit Root},
  volume = {49},
  ISSN = {0012-9682},
  url = {http://dx.doi.org/10.2307/1912517},
  DOI = {10.2307/1912517},
  number = {4},
  journal = {Econometrica},
  publisher = {JSTOR},
  author = {Dickey,  David A. and Fuller,  Wayne A.},
  year = {1981},
  month = jul,
  pages = {1057}
}
@article{Engle1982,
  title = {Autoregressive Conditional Heteroscedasticity with Estimates of the Variance of United Kingdom Inflation},
  volume = {50},
  ISSN = {0012-9682},
  url = {http://dx.doi.org/10.2307/1912773},
  DOI = {10.2307/1912773},
  number = {4},
  journal = {Econometrica},
  publisher = {JSTOR},
  author = {Engle,  Robert F.},
  year = {1982},
  month = jul,
  pages = {987}
}
@article{Jarque1980,
  title = {Efficient tests for normality,  homoscedasticity and serial independence of regression residuals},
  volume = {6},
  ISSN = {0165-1765},
  url = {http://dx.doi.org/10.1016/0165-1765(80)90024-5},
  DOI = {10.1016/0165-1765(80)90024-5},
  number = {3},
  journal = {Economics Letters},
  publisher = {Elsevier BV},
  author = {Jarque,  Carlos M. and Bera,  Anil K.},
  year = {1980},
  month = jan,
  pages = {255–259}
}
@article{LJUNG1978,
  title = {On a measure of lack of fit in time series models},
  volume = {65},
  ISSN = {1464-3510},
  url = {http://dx.doi.org/10.1093/biomet/65.2.297},
  DOI = {10.1093/biomet/65.2.297},
  number = {2},
  journal = {Biometrika},
  publisher = {Oxford University Press (OUP)},
  author = {Ljung,  G. M. and Box,  G. E. P.},
  year = {1978},
  month = aug,
  pages = {297–303}
}

% ======================================================================= %
% ===================== 5 METHODOLOGY (REFERENCES) ====================== % 
% ======================================================================= %

@article{bishop1994mdn,
  title={Mixture density networks},
  author={Bishop, Christopher M},
  year={1994},
  publisher={Aston University},
  url={https://publications.aston.ac.uk/id/eprint/373/1/NCRG_94_004.pdf}
}

@article{hochreiter1997lstm,
  title = {Long Short-Term Memory},
  volume = {9},
  ISSN = {1530-888X},
  url = {http://dx.doi.org/10.1162/neco.1997.9.8.1735},
  DOI = {10.1162/neco.1997.9.8.1735},
  number = {8},
  journal = {Neural Computation},
  publisher = {MIT Press},
  author = {Hochreiter,  Sepp and Schmidhuber,  J\"{u}rgen},
  year = {1997},
  month = nov,
  pages = {1735–1780}
}

@article{bollerslev1986garch,
  title = {Generalized autoregressive conditional heteroskedasticity},
  volume = {31},
  ISSN = {0304-4076},
  url = {http://dx.doi.org/10.1016/0304-4076(86)90063-1},
  DOI = {10.1016/0304-4076(86)90063-1},
  number = {3},
  journal = {Journal of Econometrics},
  publisher = {Elsevier BV},
  author = {Bollerslev,  Tim},
  year = {1986},
  month = apr,
  pages = {307–327}
}

@article{Nelson1991egarch,
  title = {Conditional Heteroskedasticity in Asset Returns: A New Approach},
  volume = {59},
  ISSN = {0012-9682},
  url = {http://dx.doi.org/10.2307/2938260},
  DOI = {10.2307/2938260},
  number = {2},
  journal = {Econometrica},
  publisher = {JSTOR},
  author = {Nelson,  Daniel B.},
  year = {1991},
  month = mar,
  pages = {347}
}


@article{Dimitriadis_2019db, 
  title={A joint quantile and expected shortfall regression framework}, 
  volume={13}, 
  ISSN={1935-7524}, 
  url={http://dx.doi.org/10.1214/19-EJS1560}, 
  DOI={10.1214/19-ejs1560}, 
  number={1}, 
  journal={Electronic Journal of Statistics}, 
  publisher={Institute of Mathematical Statistics}, 
  author={Dimitriadis, Timo and Bayer, Sebastian},
  year={2019}, 
  month={jan}
}

@article{chen2016xgboost,
  doi = {10.48550/ARXIV.1603.02754},
  url = {https://arxiv.org/abs/1603.02754},
  author = {Chen,  Tianqi and Guestrin,  Carlos},
  keywords = {Machine Learning (cs.LG),  FOS: Computer and information sciences,  FOS: Computer and information sciences},
  title = {XGBoost: A Scalable Tree Boosting System},
  publisher = {arXiv},
  year = {2016},
}
@article{prokhorenkova2018catboost,
  doi = {10.48550/ARXIV.1706.09516},
  url = {https://arxiv.org/abs/1706.09516},
  title={CatBoost: unbiased boosting with categorical features},
  author={Prokhorenkova, Liudmila and Gusev, Gleb and Vorobev, Aleksandr and Dorogush, Anna Veronika and Gulin, Andrey},
  journal={Advances in neural information processing systems},
  volume={31},
  year={2018},
  publisher = {arXiv},
}
@article{ke2017lightgbm,
  title={Lightgbm: A highly efficient gradient boosting decision tree},
  author={Ke, Guolin and Meng, Qi and Finley, Thomas and Wang, Taifeng and Chen, Wei and Ma, Weidong and Ye, Qiwei and Liu, Tie-Yan},
  journal={Advances in neural information processing systems},
  volume={30},
  year={2017},
  url={https://papers.nips.cc/paper_files/paper/2017/file/6449f44a102fde848669bdd9eb6b76fa-Paper.pdf}
}


@misc{akiba2019optuna,
  doi = {10.48550/ARXIV.1907.10902},
  url = {https://arxiv.org/abs/1907.10902},
  author = {Akiba,  Takuya and Sano,  Shotaro and Yanase,  Toshihiko and Ohta,  Takeru and Koyama,  Masanori},
  title = {Optuna: A Next-generation Hyperparameter Optimization Framework},
  publisher = {arXiv},
  year = {2019},
  copyright = {arXiv.org perpetual,  non-exclusive license}
}
@misc{kingma2014adam,
  doi = {10.48550/ARXIV.1412.6980},
  url = {https://arxiv.org/abs/1412.6980},
  author = {Kingma,  Diederik P. and Ba,  Jimmy},
  title = {Adam: A Method for Stochastic Optimization},
  publisher = {arXiv},
  year = {2014},
  copyright = {arXiv.org perpetual,  non-exclusive license}
}

@article{fatouros2022deepvar,
  title = {DeepVaR: a framework for portfolio risk assessment leveraging probabilistic deep neural networks},
  volume = {5},
  ISSN = {2524-6186},
  url = {http://dx.doi.org/10.1007/s42521-022-00050-0},
  DOI = {10.1007/s42521-022-00050-0},
  number = {1},
  journal = {Digital Finance},
  publisher = {Springer Science and Business Media LLC},
  author = {Fatouros,  Georgios and Makridis,  Georgios and Kotios,  Dimitrios and Soldatos,  John and Filippakis,  Michael and Kyriazis,  Dimosthenis},
  year = {2022},
  month = apr,
  pages = {29–56}
}

@book{montavon2012ensamble,
  title     = {Neural Networks: Tricks of the Trade: Second Edition},
  editor    = {Grégoire Montavon and Geneviève B. Orr and Klaus-Robert Müller},
  ISBN      = {9783642352898},
  ISSN      = {1611-3349},
  url       = {http://dx.doi.org/10.1007/978-3-642-35289-8},
  DOI       = {10.1007/978-3-642-35289-8},
  journal   = {Lecture Notes in Computer Science},
  publisher = {Springer Berlin Heidelberg},
  year      = {2012}
}

@article{naeini2015,
  title = {Obtaining Well Calibrated Probabilities Using Bayesian Binning},
  volume = {29},
  ISSN = {2159-5399},
  url = {http://dx.doi.org/10.1609/aaai.v29i1.9602},
  DOI = {10.1609/aaai.v29i1.9602},
  number = {1},
  journal = {Proceedings of the AAAI Conference on Artificial Intelligence},
  publisher = {Association for the Advancement of Artificial Intelligence (AAAI)},
  author = {Naeini, Mahdi Pakdaman and Cooper, Gregory and Hauskrecht,  Milos},
  year = {2015},
  month = feb 
}
@misc{guo2017,
  doi = {10.48550/ARXIV.1706.04599},
  url = {https://arxiv.org/abs/1706.04599},
  author = {Guo,  Chuan and Pleiss,  Geoff and Sun,  Yu and Weinberger,  Kilian Q.},
  title = {On Calibration of Modern Neural Networks},
  publisher = {arXiv},
  year = {2017},
  copyright = {arXiv.org perpetual,  non-exclusive license}
}

@misc{Nixon2017,
  doi = {10.48550/ARXIV.1904.01685},
  url = {https://arxiv.org/abs/1904.01685},
  author = {Nixon,  Jeremy and Dusenberry,  Mike and Jerfel,  Ghassen and Nguyen,  Timothy and Liu,  Jeremiah and Zhang,  Linchuan and Tran,  Dustin},
  title = {Measuring Calibration in Deep Learning},
  publisher = {arXiv},
  year = {2019},
  copyright = {arXiv.org perpetual,  non-exclusive license}
}

@article{christoffersen1998,
  issn      = {00206598, 14682354},
  url       = {http://www.jstor.org/stable/2527341},
  author    = {Peter F. Christoffersen},
  journal   = {International Economic Review},
  number    = {4},
  pages     = {841--862},
  publisher = {[Economics Department of the University of Pennsylvania, Wiley, Institute of Social and Economic Research, Osaka University]},
  title     = {Evaluating Interval Forecasts},
  urldate   = {2024-11-08},
  volume    = {39},
  year      = {1998},
doi = {10.2307/2527341}
}

@inproceedings{depeweg2018uncertainty_decomposition,
  title={Decomposition of Uncertainty in Bayesian Deep Learning for Efficient and Risk-sensitive Learning},
  author={Depeweg, Stefan and Hernández-Lobato, José Miguel and Doshi-Velez, Finale and Udluft, Steffen},
  booktitle={Proceedings of the 35th International Conference on Machine Learning (ICML)},
  year={2018},
  organization={PMLR},
  pages={1192--1201},
  volume={80},
  address={Stockholm, Sweden},
  publisher={Proceedings of Machine Learning Research}
}
@article{jospin2022hands,
  title={Hands-on Bayesian neural networks—A tutorial for deep learning users},
  author={Jospin, Laurent Valentin and Laga, Hamid and Boussaid, Farid and Buntine, Wray and Bennamoun, Mohammed},
  journal={IEEE Computational Intelligence Magazine},
  volume={17},
  number={2},
  pages={29--48},
  year={2022},
  publisher={IEEE}
}

@article{hansen2011mcs,
  author = {Peter R. Hansen and Asger Lunde and James M. Nason},
  title = {The Model Confidence Set},
  journal = {Econometrica},
  year = {2011},
  volume = {79},
  number = {2},
  pages = {453--497},
  publisher = {The Econometric Society},
  doi = {10.3982/ecta5771},
  url = {http://dx.doi.org/10.3982/ECTA5771},
  issn = {0012-9682}
}

@article{gneiting2007,
  title = {Strictly Proper Scoring Rules,  Prediction,  and Estimation},
  volume = {102},
  ISSN = {1537-274X},
  url = {http://dx.doi.org/10.1198/016214506000001437},
  DOI = {10.1198/016214506000001437},
  number = {477},
  journal = {Journal of the American Statistical Association},
  publisher = {Informa UK Limited},
  author = {Gneiting,  Tilmann and Raftery,  Adrian E},
  year = {2007},
  month = mar,
  pages = {359–378}
}

@article{marchese2020mcs,
  title = {Forecasting crude oil and refined products volatilities and correlations: New evidence from fractionally integrated multivariate GARCH models},
  volume = {88},
  ISSN = {0140-9883},
  url = {http://dx.doi.org/10.1016/j.eneco.2020.104757},
  DOI = {10.1016/j.eneco.2020.104757},
  journal = {Energy Economics},
  publisher = {Elsevier BV},
  author = {Marchese,  Malvina and Kyriakou,  Ioannis and Tamvakis,  Michael and Di Iorio,  Francesca},
  year = {2020},
  month = may,
  pages = {104757}
}

@article{fissler2016fz,
  title = {Higher order elicitability and Osband’s principle},
  volume = {44},
  ISSN = {0090-5364},
  url = {http://dx.doi.org/10.1214/16-AOS1439},
  DOI = {10.1214/16-aos1439},
  number = {4},
  journal = {The Annals of Statistics},
  publisher = {Institute of Mathematical Statistics},
  author = {Fissler,  Tobias and Ziegel,  Johanna F.},
  year = {2016},
  month = aug 
}


% ======================================================================= %
% ===================== 6 RESULTS (REFERENCES) ========================== % 
% ======================================================================= %
@article{Bayer2020,
  title = {Regression-Based Expected Shortfall Backtesting},
  volume = {20},
  ISSN = {1479-8417},
  url = {http://dx.doi.org/10.1093/jjfinec/nbaa013},
  DOI = {10.1093/jjfinec/nbaa013},
  number = {3},
  journal = {Journal of Financial Econometrics},
  publisher = {Oxford University Press (OUP)},
  author = {Bayer,  Sebastian and Dimitriadis,  Timo},
  year = {2020},
  month = sep,
  pages = {437–471}
}

@article{Berry2023decomposeALandEP,
    title={Normalizing Flow Ensembles for Rich Aleatoric and Epistemic Uncertainty Modeling},
    author={Lucas Berry and David Meger},
    journal={ArXiv},
    year={2023},
    volume={abs/2302.01312},
    url={https://api.semanticscholar.org/CorpusID:256503918}
}




% ======================================================================= %
% ===================== 7 DISCUSSION (REFERENCES) ======================= % 
% ======================================================================= %






% ======================================================================= %
% ===================== 8 CONCLUSION (REFERENCES) ======================= % 
% ======================================================================= %





% ======================================================================= %
% ======================= APPENDIX (REFERENCES) ========================= % 
% ======================================================================= %