 @book{pml1Book,
  author    = {Kevin P. Murphy},
  title     = {Probabilistic Machine Learning: An introduction},
  publisher = {MIT Press},
  year      = 2022,
}

@article{black_scholes_1973,
 ISSN = {00223808, 1537534X},
 URL = {http://www.jstor.org/stable/1831029},
 author = {Fischer Black and Myron Scholes},
 journal = {Journal of Political Economy},
 number = {3},
 pages = {637--654},
 publisher = {The University of Chicago Press},
 title = {The Pricing of Options and Corporate Liabilities},
 urldate = {2024-12-10},
 volume = {81},
 year = {1973}
}

@article{Enke2005,
  title = {The use of data mining and neural networks for forecasting stock market returns},
  volume = {29},
  ISSN = {0957-4174},
  url = {http://dx.doi.org/10.1016/j.eswa.2005.06.024},
  DOI = {10.1016/j.eswa.2005.06.024},
  number = {4},
  journal = {Expert Systems with Applications},
  publisher = {Elsevier BV},
  author = {Enke,  David and Thawornwong,  Suraphan},
  year = {2005},
  month = nov,
  pages = {927–940}
}

@article{lopez2019beyond_econ,
  title = {Beyond Econometrics: A Roadmap Towards Financial Machine Learning},
  ISSN = {1556-5068},
  url = {http://dx.doi.org/10.2139/ssrn.3365282},
  DOI = {10.2139/ssrn.3365282},
  journal = {SSRN Electronic Journal},
  publisher = {Elsevier BV},
  author = {López de Prado,  Marcos},
  year = {2019}
}

@article{Tang2022Survey,
  title   = {A survey on machine learning models for financial time series forecasting},
  author  = {Yajiao Tang and Zhenyu Song and Yulin Zhu and Huaiyu Yuan and Maozhang Hou and Junkai Ji and Cheng Tang and Jianqiang Li},
  journal = {Neurocomputing},
  year    = {2022},
  volume  = {512},
  pages   = {363-380},
  url     = {https://api.semanticscholar.org/CorpusID:252428231},
doi = {10.1016/j.neucom.2022.09.003}
}

@article{Christoffersen1998,
  issn      = {00206598, 14682354},
  url       = {http://www.jstor.org/stable/2527341},
  author    = {Peter F. Christoffersen},
  journal   = {International Economic Review},
  number    = {4},
  pages     = {841--862},
  publisher = {[Economics Department of the University of Pennsylvania, Wiley, Institute of Social and Economic Research, Osaka University]},
  title     = {Evaluating Interval Forecasts},
  urldate   = {2024-11-08},
  volume    = {39},
  year      = {1998},
doi = {10.2307/2527341}
}

@article{guo2017calibration,
  doi       = {10.48550/ARXIV.1706.04599},
  url       = {https://arxiv.org/abs/1706.04599},
  author    = {Guo,  Chuan and Pleiss,  Geoff and Sun,  Yu and Weinberger,  Kilian Q.},
  keywords  = {Machine Learning (cs.LG),  FOS: Computer and information sciences,  FOS: Computer and information sciences},
  title     = {On Calibration of Modern Neural Networks},
  publisher = {arXiv},
  year      = {2017},
  copyright = {arXiv.org perpetual,  non-exclusive license}
}

@inproceedings{NiculescuMizil2005,
  series     = {ICML ’05},
  title      = {Predicting good probabilities with supervised learning},
  url        = {http://dx.doi.org/10.1145/1102351.1102430},
  doi        = {10.1145/1102351.1102430},
  booktitle  = {Proceedings of the 22nd international conference on Machine learning  - ICML ’05},
  publisher  = {ACM Press},
  author     = {Niculescu-Mizil,  Alexandru and Caruana,  Rich},
  year       = {2005},
  pages      = {625–632},
  collection = {ICML ’05}
}

@article{Rossi2013ExchangeRP,
  title   = {Exchange Rate Predictability},
  author  = {Barbara Rossi},
  journal = {International Political Economy: Monetary Relations eJournal},
  year    = {2013},
  url     = {https://api.semanticscholar.org/CorpusID:154273226},
doi = {10.2139/ssrn.2316312}
}

@article{KIUREGHIAN2009105,
  title   = {Aleatory or epistemic? Does it matter?},
  journal = {Structural Safety},
  volume  = {31},
  number  = {2},
  pages   = {105-112},
  year    = {2009},
  issn    = {0167-4730},
  doi     ={10.1016/j.strusafe.2008.06.020},
  url     = {https://www.sciencedirect.com/science/article/pii/S0167473008000556},
  author  = {Armen Der Kiureghian and Ove Ditlevsen}
}

@article{Campbell2007,
  title     = {Predicting Excess Stock Returns Out of Sample: Can Anything Beat the Historical Average?},
  volume    = {21},
  issn      = {1465-7368},
  url       = {http://dx.doi.org/10.1093/rfs/hhm055},
  doi       = {10.1093/rfs/hhm055},
  number    = {4},
  journal   = {Review of Financial Studies},
  publisher = {Oxford University Press (OUP)},
  author    = {Campbell,  John Y. and Thompson,  Samuel B.},
  year      = {2007},
  month     = nov,
  pages     = {1509–1531}
}

@article{hullermeier2021aleatoric,
  author    = {Eyke Hüllermeier and Willem Waegeman},
  title     = {Aleatoric and Epistemic Uncertainty in Machine Learning: An Introduction to Concepts and Methods},
  journal   = {Machine Learning},
  volume    = {110},
  pages     = {457--506},
  year      = {2021},
  publisher = {Springer},
  doi       = {10.1007/s10994-021-05946-3},
  url       = {https://doi.org/10.1007/s10994-021-05946-3}
}


@article{gal_ghahramani_2015,
  author  = {Gal, Yarin and Ghahramani, Zoubin},
  year    = {2015},
  month   = {06},
  pages   = {},
  title   = {Dropout as a Bayesian Approximation: Representing Model Uncertainty in Deep Learning},
  journal = {Proceedings of The 33rd International Conference on Machine Learning},
  doi     = {10.48550/arXiv.1506.02142}
}

@book{mcdonald_2013,
  author    = {McDonald, Robert L.},
  title     = {Derivatives Markets},
  publisher = {Pearson},
  year      = {2013},
  edition   = {3}
}

@inproceedings{Rippel2011ValueAR,
  title  = {Value at risk forecasting with the ARMA-GARCH family of models in times of increased volatility},
  author = {Milan Rippel and Ivo J{\'a}nsk{\'y}},
  year   = {2011},
  url    = {https://api.semanticscholar.org/CorpusID:54988875}
}

@article{Peir1994TheDO,
  title   = {The distribution of stock returns: international evidence},
  author  = {Amado Peir{\'o}},
  journal = {Applied Financial Economics},
  year    = {1994},
  volume  = {4},
  pages   = {431-439},
  url     = {https://api.semanticscholar.org/CorpusID:153373513},
  doi     = {10.1080/758518675}
}

@article{Kim2015SignificanceTI,
  title   = {Significance Testing in Empirical Finance: A Critical Review and Assessment},
  author  = {Jae H. Kim and Philip Inyeob Ji},
  journal = {FIRN (Financial Research Network) Research Paper Series},
  year    = {2015},
  url     = {https://api.semanticscholar.org/CorpusID:33194952}
}


@inproceedings{DBLP:journals/corr/WangFL15,
  author    = {Wang, Ziyu and Schaul, Tom and Hessel, Matteo and Van Hasselt, Hado and Lanctot, Marc and De Freitas, Nando},
  title     = {Dueling Network Architectures for Deep Reinforcement Learning},
  year      = {2016},
  publisher = {JMLR.org},
  booktitle = {Proceedings of the 33rd International Conference on International Conference on Machine Learning - Volume 48},
  pages     = {1995–2003},
  numpages  = {9},
  location  = {New York, NY, USA},
  series    = {ICML’16}
}

@article{Elman1990Finding,
  title   = {Finding Structure in Time},
  author  = {Jeffrey, Elman},
  journal = {Cognitive Science},
  volume  = {14},
  pages   = {179-211},
  year    = {1990},
  doi     = {10.1207/s15516709cog1402_1},
  url     = {https://doi.org/10.1207/s15516709cog1402_1}
}
@article{Hochreiter1997LSTM,
  title   = {Long Short-Term Memory},
  author  = {Sepp Hochreiter and J{\"u}rgen Schmidhuber},
  journal = {Neural Computation},
  volume  = {9},
  number  = {8},
  pages   = {1735-1780},
  year    = {1997},
  doi     = {10.1162/neco.1997.9.8.1735},
  url     = {https://doi.org/10.1162/neco.1997.9.8.1735}
}
@article{Cho2014Learning,
  title   = {Learning Phrase Representations using RNN Encoder–Decoder for Statistical Machine Translation},
  author  = {Kyunghyun Cho and Bart van Merriënboer and Caglar Gulcehre and Dzmitry Bahdanau and Fethi Bougares and Holger Schwenk and Yoshua Bengio},
  journal = {arXiv preprint arXiv:1406.1078v3},
  year    = {2014},
doi = {10.48550/arXiv.1406.1078
},
  url     = {https://arxiv.org/abs/1406.1078v3}
}
@article{Pascanu2013Difficulty,
  title   = {On the difficulty of training Recurrent Neural Networks},
  author  = {Razvan Pascanu and Tomas Mikolov and Yoshua Bengio},
  journal = {arXiv preprint arXiv:1211.5063v2},
  year    = {2013},
  url     = {https://arxiv.org/abs/1211.5063v2},
doi = {10.48550/arXiv.1211.5063
}
}
@article{Ghahramani2015,
  author    = {Zoubin Ghahramani},
  title     = {Probabilistic machine learning and artificial intelligence},
  journal   = {Nature},
  volume    = {521},
  number    = {7553},
  pages     = {452--459},
  year      = {2015},
  publisher = {Nature Publishing Group},
  doi       = {10.1038/nature14541}
}

@inproceedings{depeweg2018uncertainty_decomposition,
  title={Decomposition of Uncertainty in Bayesian Deep Learning for Efficient and Risk-sensitive Learning},
  author={Depeweg, Stefan and Hernández-Lobato, José Miguel and Doshi-Velez, Finale and Udluft, Steffen},
  booktitle={Proceedings of the 35th International Conference on Machine Learning (ICML)},
  year={2018},
  organization={PMLR},
  pages={1192--1201},
  volume={80},
  address={Stockholm, Sweden},
  publisher={Proceedings of Machine Learning Research}
}


@article{Salinas2019DeepAR,
  title   = {DeepAR: Probabilistic Forecasting with Autoregressive Recurrent Networks},
  author  = {David Salinas and Valentin Flunkert and Jan Gasthaus},
  journal = {arXiv preprint arXiv:1704.04110v3},
  year    = {2019},
  url     = {https://arxiv.org/abs/1704.04110v3},
doi = {10.48550/arXiv.1704.04110
}
}


@article{tranfield_et_al,
  author  = {Tranfield, David and Denyer, David and Smart, Palminder},
  title   = {Towards a Methodology for Developing Evidence-Informed Management Knowledge by Means of Systematic Review},
  journal = {British Journal of Management},
  volume  = {14},
  number  = {3},
  pages   = {207-222},
  doi     = {10.1111/1467-8551.00375},
  url     = {https://onlinelibrary.wiley.com/doi/abs/10.1111/1467-8551.00375},
  eprint  = {https://onlinelibrary.wiley.com/doi/pdf/10.1111/1467-8551.00375},
  year    = {2003}
}

@article{snyder_2019,
  title    = {Literature review as a research methodology: An overview and guidelines},
  journal  = {Journal of Business Research},
  volume   = {104},
  pages    = {333-339},
  year     = {2019},
  issn     = {0148-2963},
  doi      = {10.1016/j.jbusres.2019.07.039},
  url      = {https://www.sciencedirect.com/science/article/pii/S0148296319304564},
  author   = {Hannah Snyder},
  keywords = {Literature review, Synthesis, Research methodology, Systematic review, Integrative review}
}

@article{marzi_et_al_2024,
  author  = {Marzi, Giacomo and Balzano, Marco and Caputo, Andrea and Pellegrini, Massimiliano M.},
  title   = {Guidelines for Bibliometric-Systematic Literature Reviews: 10 steps to combine analysis, synthesis and theory development},
  journal = {International Journal of Management Reviews},
  volume  = {n/a},
  number  = {n/a},
  pages   = {},
  doi     = {10.1111/ijmr.12381},
  url     = {https://onlinelibrary.wiley.com/doi/abs/10.1111/ijmr.12381},
  eprint  = {https://onlinelibrary.wiley.com/doi/pdf/10.1111/ijmr.12381},
  year    = 2024
}

@article{hiebl_2021,
  author  = {Martin R. W. Hiebl},
  title   = {Sample Selection in Systematic Literature Reviews of Management Research},
  journal = {Organizational Research Methods},
  volume  = {26},
  number  = {2},
  pages   = {229-261},
  year    = {2023},
  doi     = {10.1177/1094428120986851},
  url     = {https://doi.org/10.1177/1094428120986851}
}



@article{Blasco_et_al_2024,
  title   = {A survey on uncertainty quantification in deep learning for financial time series prediction},
  journal = {Neurocomputing},
  volume  = {576},
  pages   = {127339},
  year    = {2024},
  issn    = {0925-2312},
  doi     = {10.1016/j.neucom.2024.127339},
  url     = {https://www.sciencedirect.com/science/article/pii/S0925231224001103},
  author  = {Txus Blasco and J. Salvador Sánchez and Vicente García}
}

@article{gunnarsson2024,
  title     = {Prediction of realized volatility and implied volatility indices using AI and machine learning: A review},
  author    = {Gunnarsson, Elias Søvik and Isern, Håkon Ramon and Kaloudis, Aristidis and Risstad, Morten and Vigdel, Benjamin and Westgaard, Sjur},
  journal   = {International Review of Financial Analysis},
  volume    = {93},
  pages     = {103221},
  year      = {2024},
  publisher = {Elsevier},
  doi       = {10.1016/j.irfa.2024.103221}
}

@article{Freeborough2022,
  title     = {Investigating Explainability Methods in Recurrent Neural Network Architectures for Financial Time Series Data},
  volume    = {12},
  issn      = {2076-3417},
  url       = {http://dx.doi.org/10.3390/app12031427},
  doi       = {10.3390/app12031427},
  number    = {3},
  journal   = {Applied Sciences},
  publisher = {MDPI AG},
  author    = {Freeborough,  Warren and van Zyl,  Terence},
  year      = {2022},
  month     = jan,
  pages     = {1427}
}


@article{suhaimi2020systematic,
  title     = {A Systematic Literature Review on Supervised Machine Learning Algorithms},
  author    = {Suhaimi, Nur Amalina Diyana and Abas, Hafiza},
  journal   = {PERINTIS eJournal},
  volume    = {10},
  number    = {1},
  pages     = {1--24},
  year      = {2020},
  publisher = {PERINTIS},
url = {https://perintis.org.my/ejournalperintis/index.php/PeJ/article/view/86}
}

@article{carvalho2019systematic,
  title     = {A systematic literature review of machine learning methods applied to predictive maintenance},
  author    = {Carvalho, Thyago P. and Soares, Fabr{\'i}zzio A. A. M. N. and Vita, Roberto and Francisco, Roberto da P. and Basto, Jo{\~a}o P. and Alcal{\'a}, Symone G. S.},
  journal   = {Computers \& Industrial Engineering},
  volume    = {137},
  pages     = {106024},
  year      = {2019},
  publisher = {Elsevier},
  doi       = {10.1016/j.cie.2019.106024}
}

@article{cavacini2015best,
  title     = {What is the best database for computer science journal articles?},
  author    = {Cavacini, Antonio},
  journal   = {Scientometrics},
  volume    = {102},
  number    = {3},
  pages     = {2059--2071},
  year      = {2015},
  publisher = {Akadémiai Kiadó, Budapest, Hungary},
  doi       = {10.1007/s11192-014-1506-1}
}

@article{kuhrmann2017pragmatic,
  title     = {On the pragmatic design of literature studies in software engineering: an experience-based guideline},
  author    = {Kuhrmann, Marco and M{\'e}ndez Fern{\'a}ndez, Daniel and Daneva, Maya},
  journal   = {Empirical Software Engineering},
  volume    = {22},
  number    = {6},
  pages     = {2852--2891},
  year      = {2017},
  publisher = {Springer},
  doi       = {10.1007/s10664-016-9492-y}
}
@article{williams2021reexamining,
  title     = {Re-examining systematic literature review in management research: Additional benefits and execution protocols},
  author    = {Williams Jr, Ralph I. and Clark, Leigh Anne and Clark, W. Randy and Raffo, Deana M.},
  journal   = {European Management Journal},
  volume    = {39},
  number    = {4},
  pages     = {521--533},
  year      = {2021},
  publisher = {Elsevier},
  doi       = {10.1016/j.emj.2020.09.007}
}

@article{Rabiner1989hmm,
  title = {A tutorial on hidden Markov models and selected applications in speech recognition},
  volume = {77},
  ISSN = {0018-9219},
  url = {http://dx.doi.org/10.1109/5.18626},
  DOI = {10.1109/5.18626},
  number = {2},
  journal = {Proceedings of the IEEE},
  publisher = {Institute of Electrical and Electronics Engineers (IEEE)},
  author = {Rabiner,  L.R.},
  year = {1989},
  pages = {257–286}
}

@article{hota2022hybrid,
  title     = {Hybrid organization deconstructed: A bibliographic investigation into the origins, development, and future of the research domain},
  author    = {Hota, Pradeep Kumar and Manoharan, Bhupesh and Rakshit, Krishanu and Panigrahi, Padmanetri},
  journal   = {International Journal of Management Reviews},
  volume    = {25},
  number    = {2},
  pages     = {384--409},
  year      = {2022},
  publisher = {John Wiley \& Sons Ltd.},
  doi       = {10.1111/ijmr.12314}
}

@book{rasmussen_williams_2006,
  author    = {Carl Edward Rasmussen and Christopher K. I. Williams},
  title     = {Gaussian Processes for Machine Learning},
  publisher = {The MIT Press},
  year      = {2006},
  isbn      = {026218253X},
  url       = {http://www.GaussianProcess.org/gpml}
}

@phdthesis{neal1995bayesian,
  title  = {Bayesian Learning for Neural Networks},
  author = {Neal, Radford M.},
  year   = {1995},
  school = {University of Toronto},
  type   = {PhD thesis}
}

@article{jospin2022hands,
  title     = {Hands-On Bayesian Neural Networks—A Tutorial for Deep Learning Users},
  author    = {Jospin, Laurent Valentin and Laga, Hamid and Boussaid, Farid and Buntine, Wray and Bennamoun, Mohammed},
  journal   = {IEEE Computational Intelligence Magazine},
  volume    = {17},
  number    = {2},
  pages     = {29-47},
  year      = {2022},
  publisher = {IEEE},
doi={10.1109/MCI.2022.3155327}
}


@article{bayes1763essay,
  title     = {An Essay Towards Solving a Problem in the Doctrine of Chances},
  author    = {Bayes, Thomas and Price, Richard},
  journal   = {Philosophical Transactions of the Royal Society of London},
  volume    = {53},
  pages     = {370--418},
  year      = {1763},
  publisher = {Royal Society of London}
}

@article{chandra2023bayesian,
  title   = {Bayesian Neural Networks via MCMC: A Python-Based Tutorial},
  author  = {Chandra, Rohitash and Simmons, Joshua},
  journal = {arXiv preprint arXiv:2304.02595},
  year    = {2023},
  doi     = {10.48550/arXiv.2304.02595}
}

@article{kingma2013auto,
  title   = {Auto-Encoding Variational Bayes},
  author  = {Kingma, Diederik P. and Welling, Max},
  journal = {arXiv preprint arXiv:1312.6114},
  year    = {2014},
  url     = {https://arxiv.org/abs/1312.6114},
doi = {10.48550/arXiv.1312.6114}
}


@article{lopez1998methods,
  title   = {Methods for Evaluating Value-at-Risk Estimates},
  author  = {Jose A. Lopez},
  journal = {Federal Reserve Bank of New York Economic Policy Review},
  volume  = {4},
  number  = {3},
  pages   = {119--144},
  year    = {1998},
  note    = {Available at SSRN: https://ssrn.com/abstract=1029673}
}

@misc{goodfellow2014gan,
  title         = {Generative Adversarial Networks},
  author        = {Ian J. Goodfellow and Jean Pouget-Abadie and Mehdi Mirza and Bing Xu and David Warde-Farley and Sherjil Ozair and Aaron Courville and Yoshua Bengio},
  year          = {2014},
  eprint        = {1406.2661},
  archiveprefix = {arXiv},
  primaryclass  = {stat.ML},
  url           = {https://arxiv.org/abs/1406.2661},
  doi           = {https://doi.org/10.48550/arXiv.1406.2661}
}

@book{Moller2007Uncertainty,
  author    = {Möller, Bernd and Reuter, Uwe},
  title     = {Uncertainty Forecasting in Engineering},
  publisher = {Springer-Verlag},
  address   = {Berlin, Germany},
  year      = {2007},
  url       = {https://link.springer.com/book/10.1007/978-3-540-37176-2}
}

@article{Gokmenoglu2015,
  title     = {The Interactions among Gold, Oil, and Stock Market: Evidence from S\&P500},
  author    = {Korhan K. Gokmenoglu and Negar Fazlollahi},
  journal   = {Procedia Economics and Finance},
  volume    = {25},
  pages     = {478--488},
  year      = {2015},
  publisher = {Elsevier B.V.},
  doi       = {10.1016/S2212-5671(15)00760-1},
}

@inproceedings{hernandez2015probabilistic,
  title={Probabilistic Backpropagation for Scalable Learning of Bayesian Neural Networks},
  author={Hernández-Lobato, José Miguel and Adams, Ryan P},
  booktitle={Proceedings of the 32nd International Conference on Machine Learning},
  year={2015},
  address={Lille, France},
  volume={37},
  pages={1861--1869},
  publisher={JMLR: Workshop and Conference Proceedings}
}



% -----  Other reviews/ sources for research area ----- %

@article{Kumbure2022,
  title     = {Machine Learning Techniques and Data for Stock Market Forecasting: A Literature Review},
  author    = {Mahinda Mailagaha Kumbure and Christoph Lohrmann and Pasi Luukka and Jari Porras},
  journal   = {Expert Systems With Applications},
  volume    = {197},
  pages     = {116659},
  year      = {2022},
  doi       = {10.1016/j.eswa.2022.116659},
  url       = {https://doi.org/10.1016/j.eswa.2022.116659},
  publisher = {Elsevier}
}

@article{Li2020,
  title     = {Stock Market Forecasting Using Deep Learning and Technical Analysis: A Systematic Review},
  author    = {Audeliano Wolian Li and Guilherme Sousa Bastos},
  journal   = {IEEE Access},
  volume    = {8},
  pages     = {185232--185242},
  year      = {2020},
  doi       = {10.1109/ACCESS.2020.3030226},
  publisher = {IEEE},
  url       = {https://doi.org/10.1109/ACCESS.2020.3030226}
}



@article{preethi2012stock,
  title     = {Stock Market Forecasting Techniques: A Survey},
  author    = {Preethi, G. and Santhi, B.},
  journal   = {Journal of Theoretical and Applied Information Technology},
  volume    = {46},
  number    = {1},
  pages     = {24--30},
  year      = {2012},
  publisher = {JATIT \& LLS},
  issn      = {1992-8645},
  eissn     = {1817-3195},
  url       = {http://www.jatit.org/}
}

@article{gandhmalstockmarket2019,
  title     = {Systematic analysis and review of stock market prediction techniques},
  author    = {Gandhmal, Dattatray P. and Kumar, K.},
  journal   = {Computer Science Review},
  volume    = {34},
  pages     = {100190},
  year      = {2019},
  publisher = {Elsevier},
  doi       = {10.1016/j.cosrev.2019.08.001},
  url       = {https://www.sciencedirect.com/science/article/pii/S157401371930084X}
}

@article{soni2015cloud,
  title     = {Cloud based Financial Market Prediction through Genetic Algorithms: A Review},
  author    = {Soni, Nitasha and Kumar, Tapas},
  journal   = {International Journal of Computer Applications},
  volume    = {123},
  number    = {8},
  pages     = {18--20},
  year      = {2015},
  publisher = {Foundation of Computer Science (FCS), NY, USA},
  issn      = {0975-8887}
}

@article{shi2019soft,
  title     = {A Study Concerning Soft Computing Approaches for Stock Price Forecasting},
  author    = {Shi, Chao and Zhuang, Xiaosheng},
  journal   = {Axioms},
  volume    = {8},
  number    = {4},
  pages     = {116},
  year      = {2019},
  publisher = {MDPI},
  doi       = {10.3390/axioms8040116},
  url       = {https://www.mdpi.com/2075-1680/8/4/116}
}
@article{Khattak2023SurveyAIModels,
  title   = {A Systematic Survey of AI Models in Financial Market Forecasting for Profitability Analysis},
  author  = {Bilal Hassan Ahmed Khattak and Imran Shafi and Abdul Saboor Khan and Emmanuel Soriano Flores and Roberto García Lara and Md Abdus Samad and Imran Ashraf},
  journal = {IEEE Access},
  year    = {2023},
  volume  = {},
  number  = {},
  pages   = {1--18},
  doi     = {10.1109/ACCESS.2023.3330156}
}
@article{abdar2021ReviewUQ,
  title     = {A Review of Uncertainty Quantification in Deep Learning: Techniques, Applications and Challenges},
  author    = {Abdar, Moloud and others},
  journal   = {Information Fusion},
  volume    = {76},
  pages     = {243--297},
  year      = {2021},
  publisher = {Elsevier},
  doi       = {10.1016/j.inffus.2021.05.008}
}
@article{Calvo-Pardo2020NeuralFinance,
  title     = {Neural Network Models for Empirical Finance},
  author    = {Hector F. Calvo-Pardo, Tullio Mancini, and Jose Olmo},
  journal   = {Journal of Risk and Financial Management},
  volume    = {13},
  number    = {11},
  pages     = {265},
  year      = {2020},
  publisher = {MDPI},
  doi       = {10.3390/jrfm13110265}
}

@article{Zhang2014WindForecasting,
  title     = {Review on probabilistic forecasting of wind power generation},
  author    = {Zhang, Ji and Wang, Jianhui and others},
  journal   = {Renewable and Sustainable Energy Reviews},
  volume    = {32},
  pages     = {255--270},
  year      = {2014},
  publisher = {Pergamon},
  doi       = {10.1016/j.rser.2014.01.033}
}
@article{Huang2024UQMedical,
  title     = {A review of uncertainty quantification in medical image analysis: Probabilistic and non-probabilistic methods},
  author    = {Ling Huang and Su Ruan},
  journal   = {Medical Image Analysis},
  volume    = {97},
  pages     = {103223},
  year      = {2024},
  doi       = {10.1016/j.media.2024.103223},
  publisher = {Elsevier}
}


@article{Engle1982ARCH,
  issn      = {00129682, 14680262},
  url       = {http://www.jstor.org/stable/1912773},
  author    = {Robert F. Engle},
  journal   = {Econometrica},
  number    = {4},
  pages     = {987--1007},
  publisher = {[Wiley, Econometric Society]},
  title     = {Autoregressive Conditional Heteroscedasticity with Estimates of the Variance of United Kingdom Inflation},
  urldate   = {2024-11-09},
  volume    = {50},
  year      = {1982}
}

@article{BOLLERSLEV1986GARCH,
  title   = {Generalized autoregressive conditional heteroskedasticity},
  journal = {Journal of Econometrics},
  volume  = {31},
  number  = {3},
  pages   = {307-327},
  year    = {1986},
  issn    = {0304-4076},
  doi     = {10.1016/0304-4076(86)90063-1},
  url     = {https://www.sciencedirect.com/science/article/pii/0304407686900631},
  author  = {Tim Bollerslev}
}

@book{boxJenkins2016time,
  author    = {George E. P. Box and Gwilym M. Jenkins and Gregory C. Reinsel and Greta M. Ljung},
  title     = {Time Series Analysis: Forecasting and Control},
  edition   = {5th},
  year      = {2016},
  publisher = {John Wiley \& Sons},
  address   = {Hoboken, New Jersey},
  series    = {Wiley Series in Probability and Statistics},
  isbn      = {978-1-118-67502-1}
}

@article{kupiec1995techniques,
  title={Techniques for Verifying the Accuracy of Risk Measurement Models},
  author={Kupiec, Paul H.},
  journal={The Journal of Derivatives},
  volume={3},
  number={2},
  pages={73--84},
  year={1995},
  doi={10.3905/jod.1995.407942}
}

@techreport{acerbi2014backtesting,
  title={Backtesting Expected Shortfall: Introducing three model-independent, non-parametric back-test methodologies for Expected Shortfall},
  author={Acerbi, Carlo and Szekely, Balazs},
  year={2014},
  institution={MSCI Inc.},
  month={December},
  url={https://www.msci.com},
}

@article{Du2017,
  title = {Backtesting Expected Shortfall: Accounting for Tail Risk},
  volume = {63},
  ISSN = {1526-5501},
  url = {http://dx.doi.org/10.1287/mnsc.2015.2342},
  DOI = {10.1287/mnsc.2015.2342},
  number = {4},
  journal = {Management Science},
  publisher = {Institute for Operations Research and the Management Sciences (INFORMS)},
  author = {Du,  Zaichao and Escanciano,  Juan Carlos},
  year = {2017},
  month = apr,
  pages = {940–958}
}


% --------- Exteranl cross reference sources form other subjets - probably not relevant beut includeed bagause the other atirkles use information form thse seources
@article{Zhang2022,
  title     = {Power grid operation optimization and forecasting using a combined forecasting system},
  author    = {Zhang, Lifang and Wang, Jianzhou and Liu, Zhenkun},
  journal   = {Journal of Forecasting},
  volume    = {42},
  pages     = {124-153},
  year      = {2022},
  publisher = {John Wiley & Sons Ltd},
  doi       = {10.1002/for.2888}
}

@article{Shao2016Productivity,
  author    = {Yanmin Shao and Shouyang Wang},
  title     = {Productivity growth and environmental efficiency of the nonferrous metals industry: an empirical study of China},
  journal   = {Journal of Cleaner Production},
  volume    = {137},
  pages     = {1663--1671},
  year      = {2016},
  doi       = {10.1016/j.jclepro.2016.03.041},
  publisher = {Elsevier},
  url       = {https://www.sciencedirect.com/science/article/pii/S0959652616301093}
}
@article{Wang2017Performance,
  author    = {Deyun Wang and Chenqiang Yue and Shuai Wei and Jun Lv},
  title     = {Performance Analysis of Four Decomposition-Ensemble Models for One-Day-Ahead Agricultural Commodity Futures Price Forecasting},
  journal   = {Algorithms},
  volume    = {10},
  number    = {3},
  pages     = {108},
  year      = {2017},
  doi       = {10.3390/a10030108},
  url       = {https://www.mdpi.com/1999-4893/10/3/108},
  publisher = {MDPI}
}

@article{Ouyang2019Agricultural,
  author    = {Hongbing Ouyang and Xiaolu Wei and Qiufeng Wu},
  title     = {Agricultural commodity futures prices prediction via long- and short-term time series network},
  journal   = {Journal of Applied Economics},
  volume    = {22},
  number    = {1},
  pages     = {468-483},
  year      = {2019},
  doi       = {10.1080/15140326.2019.1668664},
  url       = {https://doi.org/10.1080/15140326.2019.1668664},
  publisher = {Taylor & Francis}
}
@article{Pierdzioch2014Efficiency,
  author  = {Pierdzioch, Christian and Risse, Mario and Rohloff, Sebastian},
  title   = {On the Efficiency of the Gold Market: Results of a Real-Time Forecasting Approach},
  journal = {International Review of Financial Analysis},
  volume  = {32},
  pages   = {95--108},
  year    = {2014},
  doi     = {10.1016/j.irfa.2014.01.012},
  url     = {https://doi.org/10.1016/j.irfa.2014.01.012}
}

@article{Pierdzioch2014International,
  author    = {Christian Pierdzioch and Marian Risse and Sebastian Rohloff},
  title     = {The international business cycle and gold-price fluctuations},
  journal   = {The Quarterly Review of Economics and Finance},
  volume    = {54},
  pages     = {292--305},
  year      = {2014},
  doi       = {10.1016/j.qref.2014.01.002},
  url       = {https://doi.org/10.1016/j.qref.2014.01.002},
  publisher = {Elsevier}
}

@article{Li2012Quantile,
  author    = {Gan-qiong Li and Shi-wei Xu and Zhe-min Li and Yi-guo Sun and Xiao-xia Dong},
  title     = {Using Quantile Regression Approach to Analyze Price Movements of Agricultural Products in China},
  journal   = {Journal of Integrative Agriculture},
  volume    = {11},
  number    = {4},
  pages     = {674--683},
  year      = {2012},
  month     = {April},
  doi       = {10.1016/S2095-3119(12)60055-0},
  url       = {https://doi.org/10.1016/S2095-3119(12)60055-0},
  publisher = {Elsevier}
}



%---------------------------------------------------------------%
% --------------- BNN articles from sample----------------------%
%---------------------------------------------------------------%
@article{cocco2021predictions,
  title     = {Predictions of bitcoin prices through machine learning based frameworks},
  author    = {Cocco, Luisanna and Tonelli, Roberto and Marchesi, Michele},
  journal   = {PeerJ Computer Science},
  year      = {2021},
  publisher = {PeerJ},
doi = {10.7717/peerj-cs.413}
}

@article{magris2023bayesian,
  title     = {Bayesian bilinear neural network for predicting the mid‐price dynamics in limit-order book markets},
  author    = {Magris, Martin and Shabani, Mostafa and Iosifidis, Alexandros},
  journal   = {Journal of Forecasting},
  volume    = {42},
  number    = {6},
  pages     = {1407--1428},
  year      = {2023},
  publisher = {Wiley},
  doi       = {10.1002/for.2955}
}

@article{jang2018generative,
  title     = {Generative Bayesian neural network model for risk-neutral pricing of American index options},
  author    = {Jang, Huisu and Lee, Jaewook},
  journal   = {Quantitative Finance},
  volume    = {19},
  number    = {4},
  pages     = {587--603},
  year      = {2018},
  publisher = {Taylor \& Francis},
  doi       = {10.1080/14697688.2018.1490807}
}

@article{soleymani2022longterm,
  title     = {Long-term financial predictions based on Feynman–Dirac path integrals, deep Bayesian networks and temporal generative adversarial networks},
  author    = {Soleymani, Farzan and Paquet, Eric},
  journal   = {Machine Learning with Applications},
  volume    = {7},
  pages     = {100255},
  year      = {2022},
  publisher = {Elsevier},
  doi = {10.1016/j.mlwa.2022.100255}
}

@article{jang2018empirical,
  title     = {An empirical study on modeling and prediction of bitcoin prices with Bayesian neural networks based on blockchain information},
  author    = {Jang, Huisu and Lee, Jaewook},
  journal   = {IEEE Access},
  volume    = {6},
  pages     = {5427--5437},
  year      = {2018},
  publisher = {IEEE},
  doi       = {10.1109/ACCESS.2017.2779181}
}

@article{chandra2021bayesian,
  title     = {Bayesian neural networks for stock price forecasting before and during COVID-19 pandemic},
  author    = {Chandra, Rohitash and He, Yixuan},
  journal   = {PLOS ONE},
  volume    = {16},
  number    = {7},
  pages     = {e0253217},
  year      = {2021},
  publisher = {Public Library of Science},
  doi       = {10.1371/journal.pone.0253217}
}

@article{hortua2024forecasting,
  title     = {Forecasting VIX using Bayesian deep learning},
  author    = {Hortúa, Héctor J. and Mora-Valencia, Andrés},
  journal   = {International Journal of Data Science and Analytics},
  year      = {2024},
  publisher = {Springer},
  doi       = {10.1007/s41060-024-00562-5}
}


%---------------------------------------------------------------%
% --------------- GPR articles from sample----------------------%
%---------------------------------------------------------------%
@article{Wang2021gpr,
  title   = {Stock index prediction and uncertainty analysis using multi-scale nonlinear ensemble paradigm of optimal feature extraction, two-stage deep learning and Gaussian process regression},
  journal = {Applied Soft Computing},
  volume  = {113},
  pages   = {107898},
  year    = {2021},
  doi     = {10.1016/j.asoc.2021.107898},
  url     = {https://doi.org/10.1016/j.asoc.2021.107898},
  author  = {Jujie Wang and Liu Feng and Yang Li and Junjie He and Chunchen Feng}
    
}

@article{Hendawy2023,
  title = {Relative informative power and stock return predictability: a new perspective from Egypt},
  ISSN = {1985-2517},
  url = {http://dx.doi.org/10.1108/JFRA-02-2023-0076},
  DOI = {10.1108/jfra-02-2023-0076},
  journal = {Journal of Financial Reporting and Accounting},
  publisher = {Emerald},
  author = {Hendawy,  Enas and McMillan,  David G. and Sakr,  Zaki M. and Shahwan,  Tamer Mohamed},
  year = {2023},
  month = aug 
}

@article{Suphawan2022gpr,
  title   = {A Gaussian Process Regression Model for Forecasting Stock Exchange of Thailand},
  journal = {Trends in Sciences},
  volume  = {19},
  number  = {6},
  pages   = {3045},
  year    = {2022},
  doi     = {10.48048/tis.2022.3045},
  url     = {https://doi.org/10.48048/tis.2022.3045},
  author  = {Kamonrat Suphawan and Ruethaichanok Kardkasem and Kuntalee Chaisee}
}

@article{Wang2021gprensemble,
  title   = {Deep Nonlinear Ensemble Framework for Stock Index Forecasting and Uncertainty Analysis},
  journal = {Cognitive Computation},
  volume  = {13},
  pages   = {1574–1592},
  year    = {2021},
  doi     = {10.1007/s12559-021-09961-3},
  url     = {https://doi.org/10.1007/s12559-021-09961-3},
  author  = {Jujie Wang and Liu Feng and Yang Li and Junjie He and Chunchen Feng}
}

@article{Li2024gpr,
  title   = {Portfolio Selection via Graph-Aware Gaussian Processes With Generalized Gaussian Likelihood}, 
  journal = {IEEE Transactions on Artificial Intelligence},
  volume  = {5},
  number  = {2},
  pages   = {505-515},
  year    = {2024},
  doi     = {10.1109/TAI.2023.3262456},
  url     = {https://doi.org/10.1109/TAI.2023.3262456},
  author  = {Naiqi Li and Zhikang Xia and Yiming Li and Ercan E. Kuruoğlu and Yong Jiang and Shu-Tao Xia}
}

@article{Platanios2014gpr,
  title   = {Gaussian Process-Mixture Conditional Heteroscedasticity},
  journal = {IEEE Transactions on Pattern Analysis and Machine Intelligence},
  volume  = {36},
  number  = {5},
  pages   = {888-900},
  year    = {2014},
  doi     = {10.1109/TPAMI.2013.183},
  url     = {https://doi.org/10.1109/TPAMI.2013.183},
  author  = {Emmanouil A. Platanios and Sotirios P. Chatzis}
}

@article{Risk2018gpr,
  title   = {Sequential Design and Spatial Modeling for Portfolio Tail Risk Measurement},
  journal = {SIAM Journal on Financial Mathematics},
  volume  = {9},
  number  = {4},
  pages   = {1137–1174},
  year    = {2018},
  doi     = {10.1137/17M1158380},
  url     = {https://doi.org/10.1137/17M1158380},
  author  = {Jimmy Risk and Michael Ludkovski}
}

@article{DeSpiegeleer2018gpr,
  title   = {Machine learning for quantitative finance: fast derivative pricing, hedging and fitting},
  author  = {Jan De Spiegeleer and Dilip B. Madan and Sofie Reyners and Wim Schoutens},
  journal = {Quantitative Finance},
  volume  = {18},
  number  = {10},
  pages   = {1635-1643},
  year    = {2018},
  doi     = {10.1080/14697688.2018.1495335},
  url     = {https://doi.org/10.1080/14697688.2018.1495335}
}

@article{Hocht2024gpr,
  title   = {On the pricing of capped volatility swaps using machine learning techniques},
  author  = {Stephan Höcht and Wim Schoutens and Eva Verschueren},
  journal = {Quantitative Finance},
  year    = {2024},
  doi     = {10.1080/14697688.2024.2305643},
  url     = {https://doi.org/10.1080/14697688.2024.2305643}
}

@article{Park2014gpr,
  title   = {Parametric models and non-parametric machine learning models for predicting option prices: Empirical comparison study over KOSPI 200 Index options},
  author  = {Hyejin Park and Namhyoung Kim and Jaewook Lee},
  journal = {Expert Systems with Applications},
  volume  = {41},
  pages   = {5227-5237},
  year    = {2014},
  doi     = {10.1016/j.eswa.2014.01.032},
  url     = {https://doi.org/10.1016/j.eswa.2014.01.032}
}

@article{Zmuk2020gpr,
  title   = {Forecasting stock market indices using machine learning algorithms},
  author  = {Berislav Žmuk and Hrvoje Jošić},
  journal = {Interdisciplinary Description of Complex Systems},
  volume  = {18},
  number  = {4},
  pages   = {471-489},
  year    = {2020},
  doi     = {10.7906/indecs.18.4.7},
  url     = {https://doi.org/10.7906/indecs.18.4.7}
}

@article{Papaioannou2022gpr,
  title   = {Time-series forecasting using manifold learning, radial basis function interpolation, and geometric harmonics},
  author  = {Panagiotis G. Papaioannou and Ronen Talmon and Ioannis G. Kevrekidis and Constantinos Siettos},
  journal = {Chaos},
  volume  = {32},
  number  = {8},
  pages   = {083113},
  year    = {2022},
  doi     = {10.1063/5.0094887},
  url     = {https://doi.org/10.1063/5.0094887}
}

@article{tegner2021probabilistic,
  title     = {Probabilistic machine learning for local volatility},
  issn      = {1755-2850},
  url       = {http://dx.doi.org/10.21314/jcf.2021.012},
  doi       = {10.21314/jcf.2021.012},
  journal   = {The Journal of Computational Finance},
  publisher = {Infopro Digital Services Limited},
  author    = {Tegnér,  Martin and Roberts,  Stephen},
  year      = {2021}
}



%---------------------------------------------------------------%
% --------------- VAE articles from sample----------------------%
%---------------------------------------------------------------%

@article{arian2022encoded,
  title     = {Encoded Value-at-Risk: A machine learning approach for portfolio risk measurement},
  author    = {Hamid Arian and Mehrdad Moghimi and Ehsan Tabatabaei and Shiva Zamani},
  journal   = {Mathematics and Computers in Simulation},
  volume    = {202},
  pages     = {500--525},
  year      = {2022},
  publisher = {Elsevier},
  doi       = {10.1016/j.matcom.2022.07.015},
  url       = {https://doi.org/10.1016/j.matcom.2022.07.015}
}

@inproceedings{caprioli2023quantifying,
  title     = {Quantifying Credit Portfolio Sensitivity to Asset Correlations with Interpretable Generative Neural Networks},
  author    = {Sergio Caprioli and Emanuele Cagliero and Riccardo Crupi},
  booktitle = {Proceedings of the 3rd Italian Workshop on Artificial Intelligence and Applications for Business and Industries (AIABI'23)},
  year      = {2023},
  address   = {Rome, Italy},
  publisher = {CEUR Workshop Proceedings},
  url       = {https://ceur-ws.org/Vol-XXX/paper9.pdf},
doi = {10.48550/arXiv.2309.08652}
}


@article{choudhury2020enhancing,
  title     = {Enhancing profit from stock transactions using neural networks},
  author    = {Ahana Roy Choudhury and Soheila Abrishami and Michael Turek and Piyush Kumar},
  journal   = {AI Communications},
  volume    = {33},
  number    = {1},
  pages     = {75--92},
  year      = {2020},
  doi       = {10.3233/AIC-200629},
  publisher = {IOS Press}
}

@article{tang2024period,
  title   = {Period-aggregated transformer for learning latent seasonalities in long-horizon financial time series},
  author  = {Zhenyang Tang and Jinshui Huang and Denisa Rinprasertmeechai},
  journal = {PLOS ONE},
  volume  = {19},
  number  = {8},
  pages   = {e0308488},
  year    = {2024},
  doi     = {10.1371/journal.pone.0308488},
  url     = {https://doi.org/10.1371/journal.pone.0308488}
}

@article{li2020multivariate,
  title     = {Multivariate Financial Time-Series Prediction With Certified Robustness},
  author    = {Li, Hui and Cui, Yunpeng and Wang, Shuo and Liu, Juan and Qin, Jinyuan and Yang, Yilin},
  journal   = {IEEE Access},
  volume    = {8},
  pages     = {109133--109143},
  year      = {2020},
  publisher = {IEEE},
  doi       = {10.1109/ACCESS.2020.3001287}
}
@article{xing2019sentiment,
  title     = {Sentiment-aware volatility forecasting},
  author    = {Xing, Frank Z. and Cambria, Erik and Zhang, Yue},
  journal   = {Knowledge-Based Systems},
  volume    = {176},
  pages     = {68--76},
  year      = {2019},
  publisher = {Elsevier},
  doi       = {10.1016/j.knosys.2019.03.029}
}



%---------------------------------------------------------------%
% --------------- HMM articles from sample----------------------%
%---------------------------------------------------------------%
@article{sher2023exploiting,
  title   = {Exploiting Data Science for Measuring the Performance of Technology Stocks},
  author  = {Sher, Tahir and Rehman, Abdul and Kim, Dongsun and Ihsan, Imran},
  journal = {CMC: Computers, Materials \& Continua},
  volume  = {76},
  number  = {3},
  pages   = {2980--2994},
  year    = {2023},
  doi     = {10.32604/cmc.2023.036553}
}

@article{li2010stochastic,
  title   = {A Stochastic HMM-Based Forecasting Model for Fuzzy Time Series},
  author  = {Li, Sheng-Tun and Cheng, Yi-Chung},
  journal = {IEEE Transactions on Systems, Man, and Cybernetics, Part B (Cybernetics)},
  volume  = {40},
  number  = {5},
  pages   = {1255--1266},
  year    = {2010},
  doi     = {10.1109/TSMCB.2009.2036860}
}

@article{zhang2019high,
  title   = {High-order Hidden Markov Model for Trend Prediction in Financial Time Series},
  author  = {Zhang, Mengqi and Jiang, Xin and Fang, Zehua and Zeng, Yue and Xu, Ke},
  journal = {Physica A: Statistical Mechanics and its Applications},
  volume  = {517},
  pages   = {1--12},
  year    = {2019},
  doi     = {10.1016/j.physa.2018.10.053}
}

@article{su2022hmm,
  title   = {Research on HMM-Based Efficient Stock Price Prediction},
  author  = {Su, Zhi and Yi, Bo},
  journal = {Mobile Information Systems},
  volume  = {2022},
  pages   = {1--8},
  year    = {2022},
  doi     = {10.1155/2022/8124149}
}

@article{cao2019multi,
  title   = {Multi-Layer Coupled Hidden Markov Model for Cross-Market Behavior Analysis and Trend Forecasting},
  author  = {Cao, Wei and Zhu, Weidong and Demazeau, Yves},
  journal = {IEEE Access},
  volume  = {7},
  pages   = {158563--158575},
  year    = {2019},
  doi     = {10.1109/ACCESS.2019.2950437}
}

@article{park2011trend,
  author  = {Park, Sang-Hoa and Lee, Ju-Honga and Lee, Hyo-Chanb},
  title   = {Trend forecasting of financial time series using PIPs detection and continuous HMM},
  journal = {Intelligent Data Analysis},
  volume  = {15},
  pages   = {779-799},
  year    = {2011},
  doi     = {10.3233/IDA-2011-0495}
}



%---------------------------------------------------------------%
% --------------- P RNN articles from sample--------------------%
%---------------------------------------------------------------%

@article{Fatouros2023DeepVaR,
  title   = {DeepVaR: A framework for portfolio risk assessment leveraging probabilistic deep neural networks},
  author  = {Georgios Fatouros and Georgios Makridis and Dimitrios Kotios and John Soldatos and Michael Filippakis and Dimosthenis Kyriazis},
  journal = {Digital Finance},
  volume  = {5},
  pages   = {29–56},
  year    = {2023},
  doi     = {10.1007/s42521-022-00050-0},
  url     = {https://doi.org/10.1007/s42521-022-00050-0}
}

@article{Almeida2024RiskForecasting,
  title   = {Risk Forecasting Comparisons in Decentralized Finance: An Approach in Constant Product Market Makers},
  author  = {Lucas Mussoi Almeida and Fernanda Maria Müller and Marcelo Scherer Perlin},
  journal = {Computational Economics},
  year    = {2024},
  doi     = {10.1007/s10614-024-10585-6},
  url     = {https://doi.org/10.1007/s10614-024-10585-6}
}

@article{Li2024DeepAR,
  title   = {DeepAR-Attention probabilistic prediction for stock price series},
  author  = {Jiacheng Li and Wei Chen and Zhiheng Zhou and Junmei Yang and Delu Zeng},
  journal = {Neural Computing and Applications},
  volume  = {36},
  pages   = {15389–15406},
  year    = {2024},
  doi     = {10.1007/s00521-024-09916-3},
  url     = {https://doi.org/10.1007/s00521-024-09916-3}
}

@article{Hassan2024Bitcoin,
  title   = {Bitcoin Price Prediction Using Deep Bayesian LSTM With Uncertainty Quantification: A Monte Carlo Dropout–Based Approach},
  author  = {Masoud Muhammed Hassan},
  journal = {Stat},
  volume  = {13},
  pages   = {e70001},
  year    = {2024},
  doi     = {10.1002/sta4.70001},
  url     = {https://doi.org/10.1002/sta4.70001}
}

@article{Golnari2024Cryptocurrency,
  title   = {Probabilistic deep learning and transfer learning for robust cryptocurrency price prediction},
  author  = {Amin Golnari and Mohammad Hossein Komeili and Zahra Azizi},
  journal = {Expert Systems With Applications},
  volume  = {255},
  pages   = {124404},
  year    = {2024},
  doi     = {10.1016/j.eswa.2024.124404},
  url     = {https://doi.org/10.1016/j.eswa.2024.124404}
}

@article{Dixon2022Industrial,
  title   = {Industrial Forecasting with Exponentially Smoothed Recurrent Neural Networks},
  author  = {Matthew Dixon},
  journal = {Technometrics},
  volume  = {64},
  number  = {1},
  pages   = {114-124},
  year    = {2022},
  doi     = {10.1080/00401706.2021.1921035},
  url     = {https://doi.org/10.1080/00401706.2021.1921035}
}
@article{Wang2024GoldForecasting,
  title   = {A Novel Deterministic Probabilistic Forecasting Framework for Gold Price with a New Pandemic Index Based on Quantile Regression Deep Learning and Multi-Objective Optimization},
  author  = {Yan Wang and Tong Lin},
  journal = {Mathematics},
  volume  = {12},
  pages   = {29},
  year    = {2024},
  doi     = {10.3390/math12010029},
  url     = {https://doi.org/10.3390/math12010029}
}
@article{Parker2021BayesianHeteroskedastic,
  title   = {A general Bayesian model for heteroskedastic data with fully conjugate full-conditional distributions},
  author  = {Paul A. Parker and Scott H. Holan and Skye A. Wills},
  journal = {Journal of Statistical Computation and Simulation},
  volume  = {91},
  number  = {15},
  pages   = {3207-3227},
  year    = {2021},
  doi     = {10.1080/00949655.2021.1925279},
  url     = {https://doi.org/10.1080/00949655.2021.1925279}
}



%---------------------------------------------------------------%
% --------------- P GAN articles from sample--------------------%
%---------------------------------------------------------------%


@article{salama2024gan,
  title   = {Integrating spotted hyena optimization technique with generative artificial intelligence for time series forecasting},
  author  = {Salama, Reda},
  journal = {Expert Systems},
  year    = {2024},
  month   = {08},
  doi     = {10.1111/exsy.13681}
}



@article{kim2023portfolio,
  title   = {Portfolio optimization using predictive auxiliary classifier generative adversarial networks},
  author  = {Kim, Jiwook and Lee, Minhyeok},
  journal = {Engineering Applications of Artificial Intelligence},
  volume  = {125},
  pages   = {106739},
  year    = {2023},
  doi     = {10.1016/j.engappai.2023.106739},
  url     = {https://www.sciencedirect.com/science/article/pii/S0952197623009235}
}

@article{vuletic2024finGAN,
  title   = {Fin-GAN: Forecasting and classifying financial time series via generative adversarial networks},
  author  = {Vuletić, Milena and Prenzel, Felix and Cucuringu, Mihai},
  journal = {Quantitative Finance},
  volume  = {24},
  number  = {2},
  pages   = {175--199},
  year    = {2024},
  doi     = {10.1080/14697688.2023.2299466}
}

@article{lee2021estimation,
  title   = {Estimation with uncertainty via conditional generative adversarial networks},
  author  = {Lee, Minhyeok and Seok, Junhee},
  journal = {Sensors},
  volume  = {21},
  number  = {18},
  pages   = {6194},
  year    = {2021},
  doi     = {10.3390/s21186194}
}

@article{Specht1990pnn,
  title   = {Probabilistic neural networks},
  journal = {Neural Networks},
  volume  = {3},
  number  = {1},
  pages   = {109-118},
  year    = {1990},
  issn    = {0893-6080},
  doi     = {10.1016/0893-6080(90)90049-Q},
  url     = {https://www.sciencedirect.com/science/article/pii/089360809090049Q},
  author  = {Donald F. Specht}
}


%---------------------------------------------------------------%
% --------------- PNN articles from sample----------------------%
%---------------------------------------------------------------%
@article{Maniatopoulos2022pnn,
  title   = {Technical analysis forecasting and evaluation of stock markets: The probabilistic recovery neural network approach},
  journal = {International Journal of Economics and Business Research},
  year    = {2022},
  doi     = {10.1504/IJEBR.2022.10038806},
  url     = {https://www.researchgate.net/publication/357485513},
  author  = {Andreas Maniatopoulos and Alexandros Gazis and Nikolaos Mitianoudis}
}

@article{Thawornwong2004pnn,
  title   = {The adaptive selection of financial and economic variables for use with artificial neural networks},
  journal = {Neurocomputing},
  volume  = {56},
  pages   = {205-232},
  year    = {2004},
  doi     = {10.1016/j.neucom.2003.05.001},
  url     = {https://www.sciencedirect.com/science/article/pii/S0925231203004806},
  author  = {Suraphan Thawornwong and David Enke}
}

@article{Chandrasekara2019pnn,
  title   = {An improved probabilistic neural network model for directional prediction of a stock market index},
  journal = {Applied Sciences},
  volume  = {9},
  number  = {24},
  pages   = {5334},
  year    = {2019},
  doi     = {10.3390/app9245334},
  url     = {https://www.mdpi.com/2076-3417/9/24/5334},
  author  = {Vasana Chandrasekara and Chandima Tilakaratne and Musa Mammadov}
}


@article{Lahmiri2024pnn,
  title   = {Neural Networks and Investor Sentiment Measures for Stock Market Trend Prediction},
  journal = {Journal of Theoretical and Applied Information Technology},
  volume  = {27},
  number  = {1},
  year    = {2011},
  author  = {Salim Lahmiri},
url = {https://www.jatit.org/volumes/Vol27No1/1Vol27No1.pdf}
}

%---------------------------------------------------------------%
% --------------- Other bayesian methods articles from sample---%
%---------------------------------------------------------------%

@article{Ahmed2023Enhancing,
  title     = {Enhancing Stock Portfolios for Enterprise Management and Investment in Energy Industry},
  author    = {Usman Ahmed and Jerry Chun-Wei Lin and Gautam Srivastava and Unil Yun},
  journal   = {IEEE Transactions on Industrial Informatics},
  volume    = {19},
  number    = {6},
  pages     = {7667-7675},
  year      = {2023},
  month     = {June},
  doi       = {10.1109/TII.2022.3214518},
  publisher = {IEEE}
}

@article{Law2017Practical,
  title     = {Practical Bayesian support vector regression for financial time series prediction and market condition change detection},
  author    = {T. Law and J. Shawe-Taylor},
  journal   = {Quantitative Finance},
  volume    = {17},
  number    = {9},
  pages     = {1403-1416},
  year      = {2017},
  publisher = {Taylor \& Francis},
  doi       = {10.1080/14697688.2016.1267868},
  url       = {https://doi.org/10.1080/14697688.2016.1267868}
}

@article{Kobayashi2021Selecting,
  title     = {Selecting data adaptive learner from multiple deep learners using Bayesian networks},
  author    = {Shusuke Kobayashi and Susumu Shirayama},
  journal   = {Neural Computing and Applications},
  volume    = {33},
  pages     = {4229–4241},
  year      = {2021},
  publisher = {Springer},
  doi       = {10.1007/s00521-020-05234-6},
  url       = {https://doi.org/10.1007/s00521-020-05234-6}
}

@article{Grudniewicz2023Application,
  title     = {Application of Machine Learning in Algorithmic Investment Strategies on Global Stock Markets},
  author    = {Jan Grudniewicz and Robert Slepaczuk},
  journal   = {Research in International Business and Finance},
  volume    = {66},
  pages     = {102052},
  year      = {2023},
  month     = {July},
  doi       = {10.1016/j.ribaf.2023.102052},
  url       = {https://doi.org/10.1016/j.ribaf.2023.102052},
  publisher = {Elsevier}
}

@article{Malagrino2018Forecasting,
  title     = {Forecasting stock market index daily direction: A Bayesian Network approach},
  author    = {Luciana S. Malagrino and Norton T. Roman and Ana M. Monteiro},
  journal   = {Expert Systems with Applications},
  volume    = {105},
  pages     = {11–22},
  year      = {2018},
  publisher = {Elsevier},
  doi       = {10.1016/j.eswa.2018.03.039},
  url       = {https://doi.org/10.1016/j.eswa.2018.03}
}
@article{Raúl_PlazaCasado_PradoRomán_2021,
  title   = {Market efficiency analysis using AI models based on Investors’ Mood},
  volume  = {7},
  url     = {https://revistas.ceipa.edu.co/index.php/perspectiva-empresarial/article/view/649},
  doi     = {10.16967/23898186.649},
  number  = {2},
  journal = {Revista Perspectiva Empresarial},
  author  = {Raúl, Gómez Martínez and Plaza Casado, Paola and Prado Román, Miguel},
  year    = {2021},
  month   = {Apr.},
  pages   = {10–23}
}

@article{Ghosh2023,
  title     = {A granular machine learning framework for forecasting high-frequency financial market variables during the recent black swan event},
  author    = {Ghosh, Indranil and Jana, Rabin K.},
  journal   = {Technological Forecasting & Social Change},
  volume    = {194},
  pages     = {122719},
  year      = {2023},
  publisher = {Elsevier},
  doi       = {10.1016/j.techfore.2023.122719}
}


@article{Ray2021,
  title     = {A Hybrid Approach of Bayesian Structural Time Series With LSTM to Identify the Influence of News Sentiment on Short-Term Forecasting of Stock Price},
  author    = {Ray, Paramita and Ganguli, Bhaswati and Chakrabarti, Amlan},
  journal   = {IEEE Transactions on Computational Social Systems},
  volume    = {8},
  number    = {5},
  pages     = {1153-1162},
  year      = {2021},
  publisher = {IEEE},
  doi       = {10.1109/TCSS.2021.3073964}
}


@article{Jariyapan2022,
  title     = {A Machine Learning Model for Healthcare Stocks Forecasting in the US Stock Market during COVID-19 Period},
  author    = {Jariyapan, Prapatchon and Singvejsakul, Jittima and Chaiboonsri, Chukiat},
  journal   = {Journal of Physics: Conference Series},
  volume    = {2287},
  pages     = {012018},
  year      = {2022},
  publisher = {IOP Publishing},
  doi       = {10.1088/1742-6596/2287/1/012018}
}

@article{Jammalamadaka2019,
  title     = {Predicting a stock portfolio with the multivariate Bayesian structural time series model: Do news or emotions matter?},
  author    = {Jammalamadaka, S. Rao and Qiu, Jinwen and Ning, Ning},
  journal   = {International Journal of Artificial Intelligence},
  volume    = {17},
  number    = {2},
  year      = {2019},
  publisher = {CESER Publications},
  issn      = {0974-0635},
  url       = {https://escholarship.org/uc/item/47m0302b}
}

%---------------------------------------------------------------%
%-------- Other Probabalistic methods articles from sample------%
%---------------------------------------------------------------%
@article{Zhang2016,
  title     = {Stock trend prediction based on a new status box method and AdaBoost probabilistic support vector machine},
  author    = {Zhang, Xiao-dan and Li, Ang and Pan, Ran},
  journal   = {Applied Soft Computing},
  volume    = {49},
  pages     = {385--398},
  year      = {2016},
  publisher = {Elsevier},
  doi       = {10.1016/j.asoc.2016.08.026}
}

@article{Daniali2021,
  title     = {Predicting Volatility Index According to Technical Index and Economic Indicators on the Basis of Deep Learning Algorithm},
  author    = {Daniali, Sara Mehrab and Barykin, Sergey Evgenievich and Kapustina, Irina Vasilievna and Khortabi, Farzin Mohammadbeigi and Sergeev, Sergey Mikhailovich and Kalinina, Olga Vladimirovna and Mikhaylov, Alexey and Veynberg, Roman and Zasova, Liubov and Senjyu, Tomonobu},
  journal   = {Sustainability},
  volume    = {13},
  number    = {24},
  pages     = {14011},
  year      = {2021},
  publisher = {MDPI},
  doi       = {10.3390/su132414011}
}

@article{Horenko2020,
  title     = {On a computationally-scalable sparse formulation of the multidimensional and non-stationary maximum entropy principle},
  author    = {Horenko, Illia and Marchenko, Ganna and Gagliardini, Patrick},
  journal   = {arXiv preprint arXiv:2005.03253},
  year      = {2020},
  month     = {May},
  publisher = {arXiv},
  url       = {https://arxiv.org/abs/2005.03253},
doi = {10.48550/arXiv.2005.03253}
}
@article{Sharma2021,
  title     = {Recurrent dictionary learning for state-space models with an application in stock forecasting},
  author    = {Sharma, Shalini and Elvira, Víctor and Chouzenoux, Emilie and Majumdar, Angshul},
  journal   = {Neurocomputing},
  volume    = {450},
  pages     = {1-13},
  year      = {2021},
  publisher = {Elsevier},
  doi       = {10.1016/j.neucom.2021.03.111}
}
@article{Guo2022,
  title     = {A non-ferrous metal price ensemble prediction system based on innovative combined kernel extreme learning machine and chaos theory},
  author    = {Guo, Honggang and Wang, Jianzhou and Li, Zhiwu and Lu, Haiyan and Zhang, Linyue},
  journal   = {Resources Policy},
  volume    = {79},
  pages     = {102975},
  year      = {2022},
  publisher = {Elsevier},
  doi       = {10.1016/j.resourpol.2022.102975}
}

@article{Tian2023,
  title     = {Volatility index prediction based on a hybrid deep learning system with multi-objective optimization and mode decomposition},
  author    = {Tian, Chaonan and Niu, Tong and Wei, Wei},
  journal   = {Expert Systems with Applications},
  volume    = {213},
  pages     = {119184},
  year      = {2023},
  publisher = {Elsevier},
  doi       = {10.1016/j.eswa.2022.119184}
}

@article{Brooks2003VolatilityFF,
  title   = {Volatility forecasting for risk management},
  author  = {Chris Brooks and Gitanjali Persand},
  journal = {Journal of Forecasting},
  year    = {2003},
  volume  = {22},
  pages   = {1-22},
  doi = {10.1002/for.841},
  url     = {https://api.semanticscholar.org/CorpusID:154615850}
}

@article{barras2010,
  author  = {Barras, Laurent and Scaillet, Olivier and Wermers, Russ},
  title   = {False Discoveries in Mutual Fund Performance: Measuring Luck in Estimated Alphas},
  journal = {The Journal of Finance},
  volume  = {65},
  number  = {1},
  pages   = {179-216},
  doi     = {10.1111/j.1540-6261.2009.01527.x},
  url     = {https://onlinelibrary.wiley.com/doi/abs/10.1111/j.1540-6261.2009.01527.x},
  eprint  = {https://onlinelibrary.wiley.com/doi/pdf/10.1111/j.1540-6261.2009.01527.x},
  year    = {2010}
}



@article{wang2020fastconformal,
  title   = {A fast conformal predictive system with regularized extreme learning machine},
  journal = {Neural Networks},
  volume  = {126},
  pages   = {347-361},
  year    = {2020},
  issn    = {0893-6080},
  doi     = {10.1016/j.neunet.2020.03.022},
  url     = {https://www.sciencedirect.com/science/article/pii/S0893608020301167},
  author  = {Di Wang and Ping Wang and Yue Yuan and Pingping Wang and Junzhi Shi}
}

@article{eriolu2020bootstrapped,
  title = {A New Bootstrapped Hybrid Artificial Neural Network Approach for Time Series Forecasting},
  volume = {59},
  ISSN = {1572-9974},
  url = {http://dx.doi.org/10.1007/s10614-020-10073-7},
  DOI = {10.1007/s10614-020-10073-7},
  number = {4},
  journal = {Computational Economics},
  publisher = {Springer Science and Business Media LLC},
  author = {Eğrioğlu,  Erol and Fildes,  Robert},
  year = {2020},
  month = nov,
  pages = {1355–1383}
}

@article{qin2016collective,
  title = {Collective game behavior learning with probabilistic graphical models},
  volume = {194},
  ISSN = {0925-2312},
  url = {http://dx.doi.org/10.1016/j.neucom.2016.01.075},
  DOI = {10.1016/j.neucom.2016.01.075},
  journal = {Neurocomputing},
  publisher = {Elsevier BV},
  author = {Qin,  Zengchang and Khawar,  Farhan and Wan,  Tao},
  year = {2016},
  month = jun,
  pages = {74–86}
}



% Asset class citation articles %

% ------- Stock Indecis ---------%

@article{sezer2020financial,
  title     = {Financial time series forecasting with deep learning: A systematic literature review: 2005–2019},
  author    = {Sezer, Omer Berat and Gudelek, Mehmet Ugur and Ozbayoglu, Ahmet Murat},
  journal   = {Applied Soft Computing},
  volume    = {90},
  pages     = {106181},
  year      = {2020},
  publisher = {Elsevier},
  doi       = {10.1016/j.asoc.2020.106181}
}



% ------- Stocks ----------------%
@article{govindasamy2014prediction,
  author    = {Vaiyapuri, Govindasamy and Perumal, Thambidurai},
  title     = {Probabilistic and Fuzzy Logic based Event Processing for Effective
               Business Intelligence},
  journal   = {Internatianal Arab Journal of Information Technology},
  year      = {2016},
  volume    = {13},
  url       = {https://ccis2k.org/iajit/PDF/Vol.13,%20No.2/7137.pdf},
  number    = {2},
  pages     = {258-266},
  month     = {MAR},
  publisher = {ZARKA PRIVATE UNIV},
  address   = {COLL COMPUTING \& INFORMATION SOC, PO BOX 132222, ZARQA, 13132, JORDAN},
  type      = {Article},
  language  = {English},
  issn      = {1683-3198}
}

@article{ang2006cross,
  title     = {The Cross-Section of Volatility and Expected Returns},
  author    = {Ang, Andrew and Hodrick, Robert J. and Xing, Yuhang and Zhang, Xiaoyan},
  journal   = {The Journal of Finance},
  volume    = {61},
  number    = {1},
  pages     = {259--299},
  year      = {2006},
  publisher = {Wiley Online Library},
  doi       = {10.1111/j.1540-6261.2006.00836.x}
}

@article{fama1970efficient,
  title     = {Efficient capital markets: A review of theory and empirical work},
  author    = {Fama, Eugene F.},
  journal   = {The Journal of Finance},
  volume    = {25},
  number    = {2},
  pages     = {383--417},
  year      = {1970},
  publisher = {Wiley for the American Finance Association},
  doi       = {10.2307/2325486},
  url       = {https://www.jstor.org/stable/2325486}
}

@article{poon2003forecasting,
  title   = {Forecasting Volatility in Financial Markets: A Review},
  author  = {Poon, Ser-Huang and Granger, Clive WJ},
  journal = {Journal of Economic Literature},
  volume  = {41},
  number  = {2},
  pages   = {478--539},
  year    = {2003},
doi = {10.1257/002205103765762743}
}


% ------- Crypto ---------------%

@article{liu2019volatility,
  title     = {Volatility in the Cryptocurrency Market},
  author    = {Liu, Jinan and Serletis, Apostolos},
  journal   = {Open Economies Review},
  volume    = {30},
  pages     = {779--811},
  year      = {2019},
  publisher = {Springer Science+Business Media, LLC, part of Springer Nature},
  doi       = {10.1007/s11079-019-09547-5}
}

@article{noda2021evolution,
  title     = {On the evolution of cryptocurrency market efficiency},
  author    = {Noda, Akihiko},
  journal   = {Applied Economics Letters},
  volume    = {28},
  number    = {6},
  pages     = {433--439},
  year      = {2021},
  publisher = {Taylor \& Francis},
  doi       = {10.1080/13504851.2020.1758617}
}

@article{gupta2022empirical, 
  title     = {An Empirical Study of Volatility in Cryptocurrency Market},
  author    = {Gupta, Hemendra and Chaudhary, Rashmi},
  journal   = {Journal of Risk and Financial Management},
  volume    = {15},
  number    = {11},
  pages     = {513},
  year      = {2022},
  publisher = {MDPI},
  doi       = {10.3390/jrfm15110513}
}

% -------- Derviatives  ---------%


% -------- Portfolios ------------%

@article{Park2024UncertaintyAware,
  title     = {Uncertainty-Aware Portfolio Management With Risk-Sensitive Multiagent Network},
  author    = {Kidon Park and Hong-Gyu Jung and Tae-San Eom and Seong-Whan Lee},
  journal   = {IEEE Transactions on Neural Networks and Learning Systems},
  volume    = {35},
  number    = {1},
  pages     = {362-374},
  year      = {2024},
  doi       = {10.1109/TNNLS.2022.3174642},
  publisher = {IEEE}
}

@article{Min2023BlackLitterman,
  title     = {Black-Litterman Portfolio Optimization Using Gaussian Process Regression},
  author    = {Zhen Li and Changfei Li and Liangyu Min and Dijia Lin},
  journal   = {IAENG International Journal of Applied Mathematics},
  volume    = {53},
  number    = {4},
  pages     = {IJAM\_53\_4\_34},
  year      = {2023},
  month     = {December},
  publisher = {IAENG},
  url       = {https://www.researchgate.net/publication/376380457},
}


% --------- Forex -------------%


% ------- Commodeties ----------%